3150 4562
821 365 861 429 40

729 447 938 462 Μ

285 543 369 610 habe
390 543 443 610 ich
463 565 506 610 an
526 543 579 608 dir
605 543 745 630 gethan).
797 545 890 626 Quae
919 546 947 611 si
975 563 1200 632 comparamus
1227 565 1299 610 cum
1326 544 1390 610 isto

286 643 439 731 Sophocli
460 643 547 726 loco,
574 643 691 730 Naupl.
713 644 752 709 fr.
774 650 843 712 396.
865 639 983 731 ἐφεῦρε
1012 635 1389 732 σταθμῶν-εὑρήματα,

283 767 396 808 verum
420 743 580 830 objectum
602 744 748 808 interiori
768 744 974 831 subjungitur
996 765 1074 808 casu
1102 745 1262 829 genetivo.
1309 743 1390 809 Inde

283 843 334 927 fit,
364 852 401 908 ut
427 841 553 929 objecto
581 844 735 908 interiore
761 865 858 930 saepe
884 846 958 930 ipsa
986 865 1057 926 res,
1089 845 1123 908 in
1154 865 1250 931 quam
1272 845 1390 908 transit

284 945 368 1006 actio
390 941 499 1024 verbi,
534 942 733 1027 significetur
764 936 920 1026 (ὕβρισμα
952 937 1057 1008 Orest.
1093 947 1186 1025 1038,
1199 935 1204 945 ¹
1218 937 1389 1025 νύμφευμα

284 1041 481 1108 Troadum
505 1047 585 1120 etc).
630 1041 775 1122 Quodsi
797 1065 869 1107 cum
890 1042 991 1108 verbo
1012 1050 1149 1128 cognato
1173 1042 1387 1128 conjungitur,

284 1141 445 1228 objectum
460 1150 509 1205 est
524 1145 676 1224 exterius,
699 1141 837 1206 cuicum
859 1142 1011 1206 interiore
1032 1141 1079 1206 nil
1100 1142 1163 1206 nisi
1183 1140 1290 1206 forma
1304 1162 1388 1206 com-

282 1243 388 1305 munis
410 1248 468 1304 est.
511 1238 683 1327 Objectum
706 1241 798 1324 enim,
822 1240 910 1331 quod
932 1263 1049 1327 reapse
1069 1239 1219 1326 fingimus
1248 1249 1387 1322 exstare,

282 1341 471 1426 priusquam
493 1339 600 1425 coepit
619 1337 712 1403 verbi
735 1341 830 1422 actio,
850 1340 985 1404 interius
1006 1337 1094 1405 nullo
1114 1339 1209 1405 modo
1224 1347 1281 1407 est.
1308 1339 1388 1404 Inde

282 1439 501 1504 dubitationes
532 1438 607 1502 illae
640 1439 680 1503 de
710 1437 894 1504 nominibus
920 1439 1092 1521 concretis,
1127 1440 1231 1504 sintne
1259 1438 1385 1526 objecto

281 1540 427 1604 interiori
442 1537 658 1602 adscribenda
671 1559 781 1621 necne,
798 1547 887 1603 ortae
900 1538 1059 1604 videntur.
1094 1538 1209 1625 Itaque
1229 1559 1386 1626 quasnam

280 1640 421 1703 rationes
444 1647 573 1702 secutus
595 1639 637 1701 sit
659 1636 862 1704 Schwarnius
882 1639 1001 1721 nescio,
1024 1661 1097 1703 cum
1110 1638 1154 1702 ad
1170 1637 1386 1702 definitionem

282 1759 388 1802 suam:
424 1737 511 1821 „das
541 1737 652 1801 innere
681 1735 798 1823 Object
823 1737 960 1802 umfasst
981 1737 1163 1826 diejenigen
1182 1737 1386 1819 Accusative,

280 1836 400 1901 welche
422 1835 589 1922 abhttngig
611 1836 684 1901 sind
705 1859 770 1902 von
792 1839 896 1902 ciuem
909 1835 1063 1920 Verbum,
1084 1835 1222 1902 welches
1237 1837 1296 1902 das
1311 1836 1386 1902 dem

281 1935 471 2001 substantiv.
502 1935 645 2021 Begriffe
671 1960 713 2001 zu
733 1935 867 2000 Grunde
895 1935 1043 2022 liegende
1068 1935 1386 2022 bedeutungsvollste

280 2034 425 2099 Attribut
446 2034 601 2099 ebenfalls
622 2036 656 2099 in
678 2037 746 2102 sich
766 2035 909 2101 enthalt“
923 2035 1093 2124 adjiceret:
1115 2057 1386 2122 „ausgcnommsn

278 2134 439 2198 nattirlich
463 2134 525 2199 den
546 2134 629 2217 Fall,
652 2135 726 2200 dass
743 2157 785 2200 an
802 2135 875 2200 dem
891 2134 1009 2222 Obiect
1023 2135 1123 2201 selbst
1140 2135 1193 2200 die
1207 2135 1386 2220 Handlung

278 2233 447 2319 vollzogen
467 2233 578 2316 wird“,
600 2244 708 2299 tamen
731 2236 840 2299 omnia
861 2236 993 2300 nomina
1011 2233 1187 2318 abstracta,
1210 2236 1303 2322 quasi
1324 2235 1386 2300 hoc

279 2357 337 2419 per
363 2332 659 2418 cointelligeretur,
681 2333 807 2420 objecto
828 2335 972 2400 interiori
993 2334 1209 2418 adscriberet,
1234 2343 1386 2399 concreta

278 2431 472 2498 excluderet.
526 2431 660 2498 Minime
694 2436 778 2498 enim
814 2434 848 2498 in
879 2435 1021 2499 animum
1060 2457 1191 2522 possum
1221 2433 1384 2516 inducere,

278 2530 448 2619 quomode,
483 2531 564 2597 hacc
587 2533 615 2594 si
635 2533 793 2619 ponimus,
815 2531 917 2596 verba
938 2530 1081 2620 μάθημα
1101 2528 1291 2614 μανθάνειν
1311 2534 1340 2600 h.
1358 2557 1384 2598 e.

278 2640 380 2695 artem
402 2630 527 2695 discere
547 2631 610 2696 huc
624 2633 816 2718 pertineant,
837 2633 1022 2699 itascilicet
1040 2655 1108 2698 rem
1123 2635 1384 2720 interpretantes,

277 2739 312 2794 ut
334 2753 388 2794 ars
410 2730 467 2796 illa
490 2732 531 2796 sit
559 2733 732 2796 constituta
758 2741 789 2796 et
816 2732 981 2816 conclusa,
1012 2755 1094 2820 quae
1122 2733 1292 2817 doceatur,
1319 2757 1385 2798 non

275 2830 333 2894 fiat
354 2825 502 2916 μάθημα
520 2853 585 2896 una
605 2854 731 2922 quaque
752 2831 899 2896 discendi
920 2835 1055 2897 actione.
1088 2824 1190 2919 Ὠιδὴ
1211 2833 1263 2898 vel
1279 2832 1383 2898 simile

277 2927 513 2995 substantivum
536 2925 658 3012 (μέλος,
681 2925 813 3014 ὕμνος),
840 2931 897 2996 ubi
923 2953 1053 2996 carmen
1087 2933 1248 3018 significat
1267 2933 1383 2997 fictum

276 3027 545 3116 modulatumque,
568 3032 690 3096 sicum
710 3028 810 3096 verbo
833 3021 927 3117 ᾄδειν
948 3033 1161 3118 conjungitur,
1183 3032 1276 3098 verbi
1298 3033 1383 3096 actio

275 3149 377 3214 aeque
406 3128 442 3193 fit
471 3130 505 3194 in
539 3130 665 3218 objecto
699 3139 808 3215 atque·
825 3132 859 3194 in
890 3152 1004 3214 messe,
1038 3131 1066 3194 si
1099 3133 1229 3196 metitur
1242 3132 1298 3214 ³³),
1330 3130 1382 3196 vel

275 3226 380 3312 epulo,
405 3228 433 3291 si
455 3229 634 3295 comeditur
644 3230 695 3309 ³⁴).
737 3229 811 3294 Hoc
836 3229 906 3294 loco
934 3238 970 3294 ut
997 3251 1103 3316 pauca
1129 3229 1169 3294 de
1196 3228 1382 3295 nominibus

167 3366 171 3372 -
275 3328 432 3390 concretis
453 3328 615 3414 adjiciam,
645 3329 707 3398 bac
733 3351 770 3393 re
796 3329 915 3414 optime
944 3329 1174 3414 comprobatur
1197 3329 1381 3412 discrimen,

275 3425 361 3512 quod
391 3449 492 3513 supra
518 3428 580 3492 feci
616 3427 655 3492 de
687 3427 894 3493 admittendis
924 3427 1170 3492 removendisve
1198 3427 1382 3493 nominibus

273 3547 390 3590 rerum.
432 3527 471 3590 In
493 3525 706 3592 substantium
725 3527 831 3606 τεῖχος
852 3549 917 3592 non
937 3529 1054 3592 transit
1067 3526 1160 3592 verbi
1178 3519 1382 3606 νειχίζεσθαι

274 3625 375 3708 actio,
399 3625 457 3690 sed
479 3627 651 3694 muniendo
674 3627 810 3693 efficitur
831 3649 958 3712 murus,
988 3629 1073 3691 sicut
1095 3628 1142 3709 τῷ
1172 3619 1381 3708 πράττεσθαι

342 3943 385 4011 33)
405 3945 488 4016 θέρος
507 3946 626 4016 θερίζειν

344 4029 386 4095 34)
409 4027 495 4082 δαῖτα
511 4028 666 4083 δαίνυσθαι
725 3977 860 4049 sehwffl’
878 3977 895 4036 l·
914 3995 937 4035 ⁰·
956 3995 1021 4050 9⁸3·
1039 3981 1055 4032 4
1073 3981 1140 4032 em·
