3150 4562
786 348 825 409 42

253 525 332 611 jecti
362 523 524 586 interioris
557 523 730 590 verborum
768 527 1011 590 transitivorum
1038 534 1289 612 neutrorumque
1321 525 1367 589 ita

252 621 336 688 tollit
358 620 541 704 discrimen,
560 633 596 686 ut
617 623 764 708 quodque
785 623 921 688 verbum
943 644 1016 688 cum
1031 645 1068 687 eo
1083 626 1187 709 possit
1202 625 1365 710 conjungi.

252 720 468 785 Nihilominus
488 731 597 785 autem
619 721 797 786 cavendum
819 722 912 787 nobis
941 732 1006 804 est,
1032 745 1073 786 ne
1099 722 1261 808 objectum
1285 724 1365 787 intc-

252 823 319 884 rius
342 821 508 906 utriusque
529 821 659 905 generis
674 820 782 884 verbis
805 824 968 906 pariter
992 821 1127 908 adjungi
1149 833 1309 907 putemus,
1331 822 1366 886 id

238 978 239 981 ,
254 921 362 1005 ipsum
379 920 473 1000 enim,
497 941 569 1004 quo
584 919 698 984 modo
716 919 854 986 verbum
864 931 1039 1006 usurpetur
1051 923 1266 998 transitivum,
1290 921 1366 985 alte-

254 1041 327 1081 rum
348 1020 526 1082 maximum
548 1028 597 1082 est
619 1018 799 1083 discrimen.
842 1020 881 1084 In
905 1022 1092 1094 universum
1107 1019 1237 1107 quidem
1258 1031 1365 1107 potest

256 1115 322 1179 dici
335 1116 438 1180 verba
452 1119 625 1181 transitiva
640 1117 744 1184 effecti
759 1117 948 1206 plerumque
964 1119 1135 1206 objectum,
1158 1120 1366 1184 intransitiva

255 1217 391 1279 actionis
414 1215 477 1280 sibi
498 1216 685 1303 adjungere.
728 1217 840 1281 Verba
861 1228 982 1300 autem,
1009 1241 1096 1304 quae
1121 1241 1185 1282 non
1213 1222 1276 1299 rei,
1308 1219 1366 1283 scd

253 1337 413 1400 personae
442 1317 575 1401 proprie
603 1328 720 1401 regunt
746 1315 908 1403 objectum
940 1317 1078 1399 (γαμεῖν,
1111 1311 1365 1399 topiariorum),

251 1414 309 1479 ubi
332 1437 404 1479 cum
426 1417 611 1480 accusativo
635 1417 873 1501 conjunguntur
893 1417 1031 1480 nominis
1060 1417 1204 1500 cognati,
1234 1415 1309 1480 huic
1338 1419 1366 1479 si

253 1513 450 1599 adjectivum
466 1514 612 1578 additum
628 1526 685 1596 est,
708 1536 835 1599 semper
852 1513 1013 1601 objectum
1028 1516 1163 1578 actionis
1180 1513 1365 1578 adsciscunt

248 1606 400 1697 (γήμειας
413 1607 584 1688 τοιούτους
607 1607 907 1696 ηύμους-εούτιος,
932 1607 1140 1696 νυμφεύομαι
1156 1604 1361 1698 νυμφεύματ’

254 1703 371 1790 αἰσχρά
382 1741 424 1764 =
434 1702 595 1792 αἶοχρῶς).
614 1711 658 1776 Et
671 1715 801 1798 saepius
812 1711 940 1798 quidem
952 1712 1112 1800 objectum
1128 1713 1266 1776 actionis
1277 1723 1364 1776 tran-

256 1811 359 1874 sitivis
380 1809 491 1874 verbis
510 1810 707 1897 adjungitur,
725 1812 1002 1875 intransitiva
1017 1810 1119 1875 verba
1132 1833 1203 1875 cum
1220 1811 1366 1875 effecti

253 1909 379 1994 objecto
401 1911 568 1972 rarissime
590 1911 804 1974 inveniuntur.
847 1909 905 1973 *Ad
933 1909 1014 1973 haec
1042 1910 1129 1996 quod
1160 1911 1290 1990 attinet,
1323 1931 1365 1973 ne

252 2011 384 2072 nomina
417 2007 546 2095 quidem
577 2009 682 2071 effecti
703 2007 798 2071 ullius
819 2010 973 2070 momenti
1000 2019 1080 2072 sunt.
1129 2007 1274 2070 Maxime
1303 2007 1365 2070 hoc

252 2106 355 2170 elucet
375 2107 409 2169 in
431 2107 655 2191 conjunctione
676 2106 851 2170 verborum
872 2107 1117 2192 nominumque,
1138 2127 1221 2192 quae
1242 2116 1365 2170 motum

252 2215 284 2268 et
307 2213 426 2268 statum
448 2204 616 2286 denotant,
648 2227 721 2268 cum
751 2209 836 2270 cuim
865 2205 1001 2268 multum
1028 2205 1155 2268 intersit
1181 2206 1265 2268 inter
1291 2205 1364 2269 sub·

196 2355 200 2364 .
252 2305 395 2366 stantiva
416 2296 515 2384 βάοις
537 2314 568 2366 et
588 2306 690 2387 βῆμα,
714 2315 912 2393 quapropter
933 2304 1070 2368 actionis
1092 2303 1255 2388 objectum
1275 2304 1364 2367 inve·

251 2404 357 2466 nimus
378 2401 468 2484 illud,
491 2402 553 2466 hoc
575 2402 679 2466 effecti
697 2401 759 2476 (El.
776 2408 852 2469 952:
877 2399 914 2464 τὸ
939 2403 1073 2483 πρῶτον
1091 2403 1185 2484 βῆμα
1207 2399 1364 2484 δραμεῖν),

252 2495 406 2585 δράμημα
429 2512 542 2565 contra
557 2511 588 2565 et
609 2493 751 2586 πήδημα
767 2511 939 2588 ceteraque
954 2501 1062 2565 omnia
1085 2499 1126 2564 ab
1149 2503 1275 2565 actione
1296 2524 1365 2566 cur·

251 2600 345 2665 rendi
359 2602 417 2664 vix
432 2609 568 2686 possunt
591 2599 741 2665 discerni.
778 2599 1023 2664 substantivum
1037 2601 1158 2680 πτῶμα
1175 2599 1218 2664 ad
1234 2602 1366 2665 nomina

258 2710 361 2764 status
400 2699 541 2784 pertinet
550 2690 561 2760 τ’
603 2700 686 2762 sicut
723 2700 808 2762 enim
850 2698 981 2762 labendi
1020 2701 1180 2762 actionem
1215 2699 1365 2784 designat

251 2799 394 2879 πτῶσις,
428 2819 545 2881 corpus
573 2797 630 2861 ubi
655 2797 783 2884 lapsum
813 2808 876 2880 est,
900 2797 1033 2884 jacendi
1059 2809 1161 2862 status
1194 2797 1365 2862 denotatur

255 2897 456 2962 substantivo
485 2899 617 2976 πτῶμα.
667 2896 853 2984 Sequuntur
878 2897 995 2974 verba,
1025 2919 1107 2981 quae
1137 2908 1168 2961 et
1192 2897 1366 2960 transitiva

254 3006 378 3060 suntet
399 2996 615 3061 intransitiva.
660 2995 786 3074 Quibus
810 2997 837 3059 si
859 2997 1063 3059 aecusativus
1083 2998 1220 3060 nominis
1236 2999 1366 3081 cognati

255 3095 453 3182 adjungitur,
476 3096 608 3158 nonita
631 3094 726 3158 facile
749 3106 797 3158 est
819 3093 1008 3182 dijudicato,
1030 3105 1137 3158 utrum
1158 3095 1202 3158 ad
1216 3095 1364 3160 effectum

254 3195 415 3280 pertineat
437 3193 598 3280 objectum
620 3215 662 3256 an
684 3192 727 3256 ad
748 3196 925 3276 actionem3
948 3215 1051 3276 neque
1072 3192 1153 3257 haec
1167 3216 1220 3258 res
1235 3193 1278 3258 ad
1297 3215 1365 3258 cer·

252 3304 319 3356 tam
341 3315 485 3357 normam
508 3303 615 3378 potest
634 3292 742 3378 dirigi,
765 3292 900 3357 seduno
917 3313 1043 3377 quoque
1062 3290 1132 3356 loco
1149 3290 1365 3376 disceptanda

255 3403 312 3456 est.
351 3390 437 3455 Satis
450 3393 519 3478 jam
542 3390 646 3456 habeo
670 3391 776 3455 adhuc
797 3411 1066 3455 commemorasse
1088 3389 1222 3454 verbum
1243 3391 1364 3453 intran-

254 3492 386 3555 sitivum
411 3487 475 3576 ζῆν,
499 3492 550 3555 cui
572 3492 600 3554 si
621 3490 808 3577 adjungitur
823 3489 1064 3554 substantivum
1079 3481 1164 3569 βίος,
1188 3489 1249 3553 hoc
1265 3488 1365 3551 actio·

253 3611 328 3653 nem
348 3589 537 3676 plerumque
559 3589 699 3671 denotat,
721 3587 809 3652 velut
829 3587 881 3652 his
902 3587 998 3654 locis:
1028 3589 1106 3654 Eur.
1131 3589 1171 3654 fr.
1199 3609 1251 3673 ap.
1275 3585 1365 3651 Stob.

257 3692 330 3755 108:
359 3689 443 3751 θεοῦ
464 3682 537 3770 βίον
560 3684 615 3774 ζῆν
628 3719 670 3742 =
684 3680 728 3762 ὡς
748 3683 831 3762 θεὸς
853 3684 917 3772 ζῆν.
938 3686 1006 3752 Ιοο.
1020 3693 1068 3755 56.
1081 3681 1224 3770 καταζῆν
1245 3680 1365 3765 σεμνὸν

253 3780 531 3871 βίονεκαταζῆν
552 3788 685 3868 σεμνῶς.
728 3785 802 3850 Uno
824 3797 933 3850 tamen
953 3785 1035 3868 loco,
1056 3786 1127 3872 Iph.
1149 3783 1223 3850 Aul.
1245 3807 1275 3850 v.
1294 3788 1363 3850 923.

253 3885 405 3971 legimus:
440 3877 555 3969 ὀρθῶς
583 3883 701 3969 διαζῆν
725 3879 784 3949 τὸν
808 3884 885 3965 βίον
913 3880 1041 3968 γνώμης
1066 3881 1159 3965 μέτα.
1209 3883 1365 3949 Substan-

254 3988 359 4050 tivum
379 3979 451 4065 βίος
470 4005 673 4072 nequaquam
697 3982 829 4049 denotat
842 3983 981 4063 modum,
1004 3985 1060 4070 qui
1079 3986 1157 4049 satis
1173 3982 1366 4048 describitur
