3150 4562
781 314 839 382 ta

261 517 327 576 rus,
348 513 543 579 quamquam
564 513 628 556 non
649 492 755 558 minus
776 489 819 556 ad
833 489 994 561 Wunderi
1010 491 1201 556 sententiam
1221 514 1255 556 se
1278 491 1372 558 accli-

261 602 325 672 nat,
350 590 455 656 Curtii
477 600 583 656 tamen
605 591 724 679 objecti
745 591 909 656 interioris
932 591 1151 657 definitionem
1177 590 1319 666 (inneres
1342 590 1371 657 d.

262 693 283 757 i.
304 692 337 755 in
360 690 417 756 der
440 689 619 776 Handlung
641 690 741 756 selbst
764 689 864 755 sehon
886 689 1085 756 enthaltenes
1108 689 1240 777 Object)
1269 691 1372 778 sequi·

261 801 321 856 tur.
365 789 430 855 Sed
452 788 587 876 perinde
608 800 704 876 atque
725 790 787 854 hac
809 788 993 855 definitione
1019 789 1151 854 nomina
1178 812 1288 854 rerum
1315 790 1372 854 mi-

262 891 348 954 nime
369 887 599 971 excluduntur,
621 890 761 954 eximiae
782 888 880 964 illius,
902 899 938 954 ut
958 889 1030 976 ipse
1050 887 1169 954 fatetur
1191 889 1372 974 Kolsterus,

262 989 490 1076 grammatices
511 997 623 1053 auctor
647 987 888 1076 sapientissima
916 1009 1029 1070 causa,
1052 989 1182 1074 opinor,
1215 1012 1292 1053 usus
1315 998 1373 1071 est,

264 1111 335 1153 cum
356 1089 390 1152 in
412 1087 636 1174 exemplorum
655 1110 789 1152 numero
817 1086 990 1152 collocaret
1016 1085 1118 1151 verba
1141 1086 1248 1164 τεῖχος
1274 1081 1371 1166 τειχί-

264 1185 392 1266 §aaron
437 1185 595 1267 Quamvis
619 1196 734 1269 autem,
757 1195 792 1251 ut
814 1208 886 1251 mea
900 1187 962 1251 fert
977 1186 1097 1273 opinio,
1121 1187 1300 1251 concretius
1316 1188 1374 1252 vix

264 1286 440 1374 quidquam
461 1287 566 1372 possit
588 1287 728 1350 inveniri
749 1308 858 1368 muro,
881 1308 974 1351 nemo
996 1294 1104 1350 tamen
1126 1286 1195 1372 ejus
1218 1285 1266 1349 rei
1287 1309 1372 1350 men·

263 1389 384 1451 tionem
397 1386 483 1468 fecit,
506 1385 591 1470 quod
603 1384 718 1473 quade
733 1407 832 1449 causa
847 1386 967 1450 factum
988 1386 1029 1449 sit
1042 1384 1225 1471 disceptare
1240 1409 1374 1471 nequeo.

344 1486 389 1549 Et
409 1507 487 1549 sane
509 1483 639 1570 quidem
660 1508 723 1550 non
745 1508 856 1549 omnes
871 1484 1045 1550 verborum
1060 1507 1132 1548 oum
1152 1496 1374 1549 concretorum

262 1586 426 1650 nominum
449 1585 644 1648 accusativis
667 1586 907 1671 conjunctiones
928 1583 991 1648 huc
1009 1593 1195 1667 recurrunt,
1226 1583 1283 1648 sed
1308 1607 1373 1649 ma-

264 1706 365 1769 gnum
388 1682 563 1747 discrimen
584 1682 767 1748 faciendum
789 1691 846 1748 est.
889 1682 996 1748 Antea
1029 1684 1113 1746 enim
1141 1685 1206 1770 jam
1233 1683 1374 1748 vidimus

264 1781 425 1871 objectum
475 1783 609 1847 interius
664 1784 802 1847 formam
831 1767 1007 1847 ¹denotare
1051 1781 1228 1847 effectionis
1274 1783 1376 1860 verbi,

264 1884 369 1948 forma
400 1889 508 1946 autem
537 1881 633 1964 haec,
665 1881 752 1967 quod
785 1883 899 1946 attinet
932 1880 975 1945 ad
1007 1883 1137 1946 nomina
1174 1905 1298 1966 rerum,
1326 1905 1372 1947 se-

267 1981 407 2046 cundum
430 1982 577 2068 ipsorum
596 1990 746 2045 naturam
767 2004 851 2046 unus
874 2003 945 2045 esse
964 1989 1072 2066 potest
1087 1981 1229 2047 effectam.
1262 1981 1376 2070 Itaque

269 2083 436 2170 quaestio,
470 2090 578 2145 utrum
612 2082 794 2168 conjunctio
827 2080 986 2166 quaedam
1019 2079 1251 2145 vocabulorum
1285 2081 1316 2146 h.
1350 2103 1375 2146 e.

268 2181 362 2246 verbi
391 2179 559 2270 cujusdam
589 2203 660 2244 cum
686 2182 816 2244 nomine
844 2189 1008 2261 concreto,
1037 2178 1099 2243 huc
1125 2180 1311 2245 revocanda
1336 2181 1377 2245 sit

268 2304 379 2364 necne,
401 2279 526 2346 duabus
546 2280 705 2365 imprimis
727 2279 824 2344 rebus
845 2279 1051 2367 dijudicatur.
1085 2277 1130 2344 Ut
1145 2281 1229 2344 enim
1243 2279 1377 2344 interius

268 2383 309 2445 sit
331 2380 501 2467 objectum,
524 2379 663 2465 primum
686 2379 796 2462 verbo,
820 2403 861 2445 ex
885 2401 947 2466 quo
970 2379 1102 2466 pendet,
1124 2377 1281 2462 faciendi,
1311 2379 1376 2444 effi·

269 2479 375 2545 ciendi
396 2480 483 2543 notio
505 2479 582 2542 insit
601 2500 734 2542 necesse
756 2487 812 2542 est.
842 2477 971 2552 Deinde
991 2479 1176 2566 requiritur,
1198 2488 1233 2543 ut
1254 2489 1377 2543 certum

267 2602 369 2666 genus
390 2600 516 2661 rerum,
536 2601 619 2665 quae
641 2577 839 2660 efficiantur,
861 2579 934 2665 ipso
955 2577 1056 2643 verbo
1078 2577 1255 2661 indicetur,
1275 2577 1378 2643 altera

267 2689 374 2744 autem
397 2701 438 2742 ex
460 2689 553 2765 parte
575 2678 713 2756 nomine,
734 2677 820 2765 quod
835 2679 1019 2744 accusativo
1035 2701 1113 2742 casu
1127 2677 1267 2760 additur,
1290 2691 1378 2742 certa

269 2780 338 2866 ejus
359 2779 488 2864 generis
511 2800 564 2840 res
585 2777 794 2863 exprimatur.
833 2775 903 2842 ,Sed
925 2799 1014 2858 cave,
1037 2799 1088 2860 ne,
1111 2779 1137 2842 si
1159 2777 1259 2842 verbo
1282 2799 1376 2862 gene·

267 2875 394 2958 raliori,
426 2875 514 2940 velut
533 2876 608 2941 huic
628 2869 799 2962 ὑφαίνειν,
833 2875 1020 2963 adjungitur
1049 2876 1210 2964 objectum
1237 2877 1377 2962 speciem

267 2998 377 3040 rerum
399 2974 566 3064 denotans,
588 2976 676 3041 velut
696 2970 807 3060 ἐσθής,
830 2974 956 3040 hocine
971 2975 1200 3062 puteshabere
1215 2975 1376 3061 objectum

267 3076 419 3157 interius,
440 3075 616 3162 respondet
636 3077 721 3140 enirn
742 3099 870 3162 semper
891 3098 993 3160 genus
1012 3077 1140 3160 generi,
1163 3075 1285 3162 speciei
1306 3098 1376 3161 spe-

268 3177 334 3239 cies
348 3175 396 3251 ¹⁷).
415 3174 509 3238 Nunc
520 3177 548 3238 si
562 3175 605 3240 ad
620 3175 763 3261 singulos
777 3175 865 3239 locos
881 3176 1066 3257 transimus,
1084 3173 1173 3239 nulla
1186 3174 1377 3260 relinquitur

269 3275 452 3341 difficultas.
494 3274 667 3362 Exempla,
688 3297 771 3363 quae
786 3274 880 3339 aflert
894 3273 1099 3340 Schwarzius
1113 3275 1163 3358 ¹8),
1186 3283 1300 3339 cuncta
1314 3273 1378 3338 huc

269 3413 478 3423 -—-———————

336 3477 377 3544 17)
400 3473 472 3529 conf.
493 3472 632 3546 πράσσειν
651 3478 777 3546 πρᾶγμα,
796 3474 878 3546 ἔργον
895 3473 1002 3528 similia.

337 3561 378 3627 18)
400 3557 570 3625 Schwarz,
593 3557 612 3611 1.
638 3574 660 3613 c.
680 3574 745 3628 pag.
768 3563 784 3612 4
812 3564 879 3613 extr.
918 3559 973 3613 Sed
996 3558 1096 3612 licetne
1118 3573 1178 3612 eam
1205 3555 1242 3610 ob
1267 3571 1379 3608 causam

268 3643 425 3696 nominibus
447 3659 551 3711 rerum,
580 3642 631 3696 sub
655 3659 751 3696 sensus
775 3659 846 3714 quae
869 3643 987 3711 cadunt,
1010 3642 1101 3696 locum
1130 3640 1214 3712 plane
1236 3635 1378 3693 abnuere?

268 3725 360 3792 Quid?
385 3727 460 3797 quod
477 3725 613 3780 nonnulla
629 3727 803 3781 substantiva
820 3745 876 3782 rem
894 3728 976 3782 modo
1000 3727 1182 3792 abstractam,
1205 3723 1288 3778 modo
1314 3739 1378 3776 con-

269 3816 372 3866 cretam
389 3808 558 3881 designant?
593 3810 666 3866 Num
682 3811 768 3864 verba
788 3813 892 3877 πλοκὴν
910 3811 1035 3881 [πλοκὰς]
1056 3815 1178 3872 πλέκειν,
1206 3808 1229 3861 si
1252 3808 1378 3861 substan·

268 3897 354 3950 tivum
372 3893 459 3964 πλοκή
478 3899 627 3965 usurpatur
644 3895 822 3963 abstractum,
838 3895 968 3962 interiori,
992 3895 1034 3947 sin
1052 3897 1218 3960 concretum,
1241 3890 1376 3957 exteriori,

268 3980 450 4054 quoddicitur,
468 3980 577 4052 objecto
596 3978 779 4035 adscribenda
797 3977 882 4032 sunt?
