3150 4562
790 341 829 402 14

259 521 344 585 enim
367 519 571 587 substantiva
590 529 742 587 concreta
758 543 818 607 per
831 520 1054 608 metaphoram
1069 515 1121 582 vel
1136 519 1365 606 metonymiam

254 621 416 705 quandam
439 642 498 709 pro
521 621 696 686 abstractis
717 629 924 707 usurpantur.

773 775 845 853 ξ7.

335 903 556 970 ‘Transeamus
578 925 664 969 nuno
689 903 733 970 ad
759 927 799 969 aa
818 904 950 970 nomina
972 901 1153 985 abstracta,
1181 900 1299 988 quibus
1320 900 1364 983 id,

254 1003 341 1089 quod
361 1005 462 1070 verbo
485 1005 633 1069 effectum
655 1013 718 1088 est,
742 1004 923 1069 denotatur.
965 1000 1155 1066 Tractanda
1175 1011 1283 1066 autem
1304 1000 1366 1065 hac

253 1104 462 1191 paragrapho
491 1103 585 1169 nobis
607 1126 647 1168 ea
669 1113 760 1186 sunt,
790 1125 873 1188 quae
896 1101 1087 1168 suffixorum
1107 1122 1175 1181 ματ
1197 1110 1228 1165 εί
1250 1122 1284 1176 ες
1304 1123 1366 1187 ope

253 1204 449 1286 formantur,
481 1226 546 1268 non
579 1203 708 1289 quidem
736 1201 820 1278 sola,
850 1202 908 1267 sed
932 1223 1013 1266 vera
1038 1211 1070 1266 et
1095 1203 1231 1288 propria
1260 1201 1367 1265 effecti

253 1303 393 1369 nomina.
438 1301 643 1387 Quamquam
666 1301 891 1368 nonnullorum
913 1299 1103 1383 verborum,
1124 1300 1213 1366 velut
1234 1294 1367 1381 δειμαί-

254 1423 332 1477 νειν,
358 1396 439 1484 ὁρᾶν
464 1401 626 1484 similium,
648 1425 762 1470 verum
784 1401 933 1466 effectum
955 1402 1093 1486 cogitari
1112 1401 1230 1486 nequit

335 1495 543 1585 *ὑβρισμα
565 1495 765 1585 ὑβρίζειν.

335 1601 467 1667 Heracl.
487 1604 533 1668 18.
549 1593 758 1687 [Εὐρυσθεὺς]
770 1590 900 1682 ὑβρισμ’
919 1594 954 1674 ἐς
968 1592 1059 1682 ἡμᾶς
1070 1590 1209 1684 ἠξίωσεν
1221 1591 1365 1680 ὑβρίσαι.

335 1700 380 1764 Et
399 1699 484 1766 hano
506 1699 635 1785 quidem
657 1703 928 1766 constructionem
949 1698 1124 1764 verborum
1155 1698 1243 1786 apud
1271 1697 1365 1763 Euri-

254 1799 365 1884 pidem
395 1799 507 1881 eamel‚
534 1799 614 1864 alibi
640 1822 801 1886 nusquam
827 1801 950 1886 reperi,
983 1800 1084 1864 multo
1115 1800 1366 1885 frequentiorem

254 1910 368 1964 contra
388 1899 473 1964 hanc
494 1893 588 1981 ὑβριν
609 1889 755 1980 ὑβρίζειν
776 1922 871 1964 sensu
894 1899 1058 1964 diversam
1079 1908 1193 1985 postca
1207 1897 1366 1962 tractabo.

247 1993 366 2080 Ὕβρις
386 2001 470 2064 enim
491 2009 540 2062 cst
562 1997 725 2085 superbia,
747 2022 830 2084 quac
852 1997 1032 2064 ostenditur
1046 2001 1080 2062 in
1099 1997 1249 2086 aliquem,
1271 1992 1366 2081 ὑβρι-

255 2117 319 2179 σμα
341 2122 407 2162 una
427 2120 573 2184 quaeque
594 2099 723 2185 injuria,
745 2120 810 2185 qua
830 2101 903 2185 quis
924 2097 1073 2164 afficitur.

338 2187 523 2282 *εὕρημα
551 2190 766 2281 εὑρίσκειν.

336 2297 404 2363 Ion.
422 2303 510 2363 1525.
531 2290 634 2383 φίλαν
654 2292 714 2378 μὲν
725 2286 783 2361 οὑν
799 2287 827 2359 o'
845 2291 982 2382 εὕρημα,
992 2298 1103 2382 μῆτερ,
1123 2289 1268 2381 εὑρσμεν.
1280 2294 1365 2360 Med.

257 2401 325 2463 550.
366 2389 400 2458 τί
428 2389 521 2460 τοῦδ’
553 2387 595 2459 δν
630 2388 745 2482 εὕρημ’
776 2383 871 2479 εὑρσν
903 2389 1147 2477 εὑτνχίστερσνς
1181 2395 1260 2462 ibid.
1296 2401 1365 2461 711.

256 2489 381 2582 εὕρημα
405 2487 499 2559 δὀὐκ
530 2483 625 2559 οἶσθ’
650 2484 723 2560 οἷον
750 2491 888 2578 εὑρηκας
906 2490 995 2572 τόδε.
1016 2497 1096 2561 conf.
1126 2495 1227 2582 Soph.
1248 2493 1367 2580 Naupl.

254 2597 371 2681 fragm.
409 2601 480 2663 396.
516 2590 634 2679 ἐφεῦρε
668 2597 827 2677 σταθμῶν
853 2587 1009 2680 ἀριθμῶν
1043 2590 1173 2678 μέτρων
1190 2587 1366 2681 εὑρήματα.

256 2693 407 2760 Genetivi
429 2695 561 2781 proprie
582 2718 656 2778 non,
679 2705 716 2760 ut
730 2695 809 2760 dicit
826 2696 1040 2782 Schwaraius,
1063 2696 1181 2783 objecti
1203 2687 1367 2780 εὑρήματα

256 2793 430 2858 definiendi
452 2817 551 2859 causa
580 2793 755 2871 accedunt,
790 2795 848 2860 sed
875 2818 955 2860 vera
984 2795 1076 2860 verbi
1103 2787 1209 2876 εὑρεῖν
1238 2794 1368 2880 objecta

257 2901 338 2958 sunt.
380 2893 550 2982 Ejusmodi
570 2893 699 2959 dicendi
734 2897 819 2960 ratio
848 2897 946 2960 etiam
981 2894 1070 2982 apud
1098 2893 1292 2980 Euripidem
1319 2895 1366 2957 in·

255 2996 383 3058 venitur
403 2992 483 3058 Hec.
508 3016 539 3060 ν.
560 3000 630 3061 247.
661 2986 695 3056 τί
720 2985 792 3080 δῆτ’
822 2987 955 3072 ἔλεξαςς
982 2991 1119 3057 πολλῶν
1145 2987 1251 3075 λόγων
1277 2985 1365 3078 εὑρή·

253 3113 353 3173 ματα.

338 3189 491 3272 *δεῖμα
514 3185 760 3272 δειμαίνειν.

338 3291 423 3368 (Hoc
444 3291 515 3356 loco
529 3291 665 3357 verbum
679 3315 700 3357 a
713 3293 843 3358 nomine
855 3292 1036 3358 derivatum
1051 3298 1123 3368 est.)
1137 3289 1365 3356 Andromach.

256 3395 326 3459 847.
354 3382 423 3454 ott‘
448 3380 490 3453 αὑ
510 3387 548 3454 τὸ
571 3392 624 3454 νῦν
645 3412 703 3454 σου
727 3383 818 3473 δεῖμ’
844 3382 864 3456 ὃ
886 3385 1065 3472 δειμαίνεις
1085 3383 1169 3474 δίναν
1188 3383 1365 3479 (ἐπῄνεσα).

338 3492 480 3573 ’θῦμα
501 3484 635 3558 θύειν.

337 3589 406 3678 Iph.
428 3589 500 3656 Aul.
524 3595 594 3656 720.
615 3584 724 3666 θίσας
737 3609 773 3673 με
791 3583 930 3672 θύμαθ’
954 3584 1016 3672 ἅμ’
1033 3585 1126 3678 ἐχρῆν
1141 3591 1247 3654 θῦσαι
1262 3590 1366 3666 θεαῖς.

259 3689 365 3770 Quam
387 3692 529 3755 maxime
549 3690 754 3756 sacrificandi
778 3693 939 3757 notionem
964 3701 1000 3755 ut
1024 3699 1151 3778 premat
1172 3699 1279 3778 potita,
1308 3714 1365 3756 vc-

257 3787 373 3854 cabula
404 3800 543 3876 cognata
573 3800 622 3854 ter
654 3793 753 3876 ponit.
807 3791 932 3857 Eadem
964 3791 1090 3856 ratione
1118 3793 1218 3856 utitur
1248 3793 1366 3858 Bacch.

257 3893 326 3957 948.
345 3887 417 3975 Iph.
436 3889 509 3955 Aul.
532 3895 618 3956 1183.

341 3988 433 4055 Oonf.
455 3983 579 4056 Platon.
600 3989 671 4056 civ.
693 3990 734 4056 Π.
757 3996 817 4058 362
841 3991 959 4066 θυσίας
980 3983 1085 4056 θύειν.
