3150 4562
830 320 868 382 18

374 494 568 587 αἰώρημα
589 494 816 587 κουφίζειν.

374 601 487 688 ὃσρρί.
515 607 601 668 1050.
623 592 780 684 δύστηνον
809 590 962 685 αἰώρημα
987 593 1155 687 κουφίζω,
1187 594 1301 683 πάτερ.
1345 602 1402 666 So-

290 711 430 785 quuntur
452 699 606 766 nonnulla
633 699 838 764 substantiva
860 699 970 764 suffixi
993 721 1027 774 ες
1048 722 1110 786 ops
1131 700 1280 766 formata.

373 791 535 881 *ἄλγος
556 789 709 880 ἀλγεῖν.

372 895 491 962 Bacch.
520 902 607 965 1240.
635 897 708 983 φεῦ,
744 897 807 982 φεῦ
840 890 1048 982 φρονήσασαι
1077 891 1138 978 μὲν
1167 885 1213 960 οἷ’
1247 891 1404 978 ἐδράσατε

291 988 444 1084 ἀλγήσετ’
478 987 581 1079 ἄλγος
610 991 727 1058 δεινόν.
767 994 945 1082 Sophocles
975 996 1075 1062 verbo
1101 996 1211 1060 νοσεῖν
1241 997 1406 1084 subjungit

292 1087 395 1178 ἄλγος
415 1095 498 1162 Phil.
520 1119 551 1162 v.
575 1100 662 1162 1326.
696 1089 734 1156 σὺ
763 1090 825 1175 γὰρ
861 1097 967 1170 νοσεῖς
997 1087 1070 1159 τόδ’
1102 1086 1209 1178 ,ἄλγος
1240 1090 1276 1157 ἐκ
1307 1088 1408 1170 θείας

290 1189 393 1280 τίκτε.

374 1287 545 1367 *πάθος
566 1284 746 1368 πάσχειν.

375 1393 473 1460 Hero.
503 1393 540 1456 F.
565 1395 651 1458 1167.
695 1382 873 1468 ἐπάθομεν
905 1383 1024 1454 πάθεα
1053 1385 1158 1471 μέλεα
1188 1387 1273 1472 πρὸς
1305 1393 1406 1457 θεοῖν.

294 1490 409 1578 Suppl.
431 1497 500 1558 794,
521 1490 552 1552 τί
571 1482 632 1569 μέν
654 1483 714 1570 γὰρ
734 1479 877 1571 ἤλπιζον
897 1479 939 1550 ἄν
966 1485 1179 1553 πεπονθέναι
1208 1485 1326 1565 πάθος
1346 1513 1407 1554 πε-

293 1584 422 1670 ρισσάν,·
444 1589 530 1656 Med.
546 1595 615 1656 651.
637 1587 818 1648 παθοῦσαν
839 1581 1014 1651 δεινότατα
1036 1583 1188 1655 παθέων.
1211 1591 1294 1655 conf.
1309 1590 1406 1676 Soph.

294 1689 398 1756 Elem,
420 1695 490 1756 209.
513 1679 652 1766 ποίνιμα
675 1678 793 1748 πάθεα
817 1687 954 1761 παθεῖν,
977 1686 1094 1752 Aesoh.
1117 1687 1209 1752 Eum.
1233 1695 1300 1756 146.
1320 1683 1406 1751 έπά-

293 1793 398 1869 θομεν
419 1780 535 1862 πάθος
557 1779 702 1862 δυσαχές,
727 1782 870 1869 Ohoeph.
893 1791 961 1851 410.
994 1779 1154 1867 πάθομεν
1176 1778 1273 1864 ἄχεα,
1304 1787 1404 1851 Arist.

295 1886 491 1974 Thesmoph.
508 1891 596 1954 1037.
619 1877 777 1946 πέπονθα
799 1876 929 1959 πάθεα,
945 1883 1071 1951 Platon.
1088 1883 1188 1970 Gorg.
1207 1892 1275 1951 522.
1291 1894 1323 1949 et
1336 1892 1406 1952 525.

295 1980 393 2072 πάθη
427 1987 570 2060 παθεῖν,
606 1983 685 2047 ibid.
708 1988 778 2049 526.
810 1976 908 2067 πάθη
941 1974 1137 2070 ἀνατλῆναι,
1176 1988 1259 2049 siout
1291 1984 1405 2070 Eurip.

295 2085 416 2150 Phoen.
430 2094 479 2153 60.
502 2073 640 2146 άπάνά
664 2073 847 2156 άνατλάς
868 2073 1032 2158 Οἰδίπους
1053 2081 1287 2168 παθήματα.
1309 2083 1405 2170 Soph.

297 2185 379 2250 Oed.
400 2184 437 2248 R.
458 2189 527 2250 553.
555 2178 594 2246 τδ
616 2176 652 2244 δέ
673 2171 827 2264 πάθημ’,
858 2173 978 2244 ὁποῖον
999 2180 1069 2267 φης
1095 2184 1236 2259 παθεῖν,
1272 2177 1408 2246 δίδασκέ

296 2305 361 2364 μοι.
398 2281 530 2366 Oed20.
547 2287 616 2348 361.
640 2275 681 2344 τὰ
702 2274 764 2361 μέν
785 2271 971 2366 παθήμαά,
989 2275 1130 2344 ἅπαθον
1151 2278 1219 2346 κτλ.
1240 2281 1409 2346 Demosth.

298 2382 372 2448 Cor.
394 2403 470 2468 pag.
493 2387 563 2464 240,
587 2387 613 2446 1.
636 2371 753 2454 πάθος
772 2374 994 2441 πεπονθέναι.

805 2559 837 2691 ’ἓ
860 2617 886 2679 8.

379 2761 425 2826 Iis
447 2759 640 2843 nominibus
662 2783 744 2847 quae
765 2759 954 2824 suffixorum
978 2782 1008 2836 ο,
1023 2783 1054 2835 α,
1075 2764 1113 2846 [η]
1136 2784 1197 2848 ope
1221 2763 1407 2842 formantur,

299 2882 403 2944 neque
432 2860 567 2924 aetionis
596 2881 699 2944 neque
727 2859 831 2923 effecti
853 2870 975 2924 certam
996 2861 1102 2924 inesse
1130 2862 1292 2926 notionem
1314 2882 1407 2945 pora-

300 2958 427 3045 grapho
450 2967 567 3045 quarta
589 2955 666 3021 dixi.
709 2957 753 3021 Et
771 2959 804 3021 in
826 2960 1011 3024 universum
1041 2957 1187 3046 quidem,
1218 2982 1278 3047 quo
1305 2960 1407 3024 minu·

298 3059 384 3122 tiors
404 3065 478 3120 sunt
501 3056 689 3120 suffixorum
712 3056 922 3142 corpuscula,
945 3080 983 3121 eo
1005 3060 1110 3144 magis
1133 3057 1314 3143 generalem
1336 3055 1408 3122 sub·

301 3157 469 3238 stantivis,
499 3177 582 3242 quae
610 3154 738 3220 illorum
765 3178 826 3242 opo
853 3155 993 3220 formato
1021 3165 1111 3236 sunt,
1142 3157 1410 3244 significationem

299 3257 405 3320 inesse
427 3263 515 3341 puto.
556 3249 700 3318 Maxime
721 3254 873 3320 videlicet
894 3254 956 3320 hoo
981 3255 1022 3319 de
1048 3256 1088 3319 iis
1116 3257 1315 3339 nominibus,
1344 3257 1412 3320 sine

300 3354 365 3420 ullo
389 3353 505 3419 suffixo
527 3375 610 3439 quae
632 3352 822 3436 formantur,
845 3353 1048 3418 statuendum
1070 3363 1128 3418 est.
1156 3355 1282 3420 Eadem
1304 3363 1412 3419 autem

301 3459 483 3536 causaest,
512 3474 568 3516 our
595 3453 751 3539 ejusmodi
774 3452 977 3518 substantiva
997 3453 1092 3518 modo
1112 3456 1287 3536 sotionem,
1318 3453 1412 3519 modo

303 3553 459 3635 effectum,
480 3551 577 3615 modo
599 3560 717 3617 statum
739 3551 922 3636 significare
945 3553 1078 3639 possint

383 3651 458 3716 Jam
482 3653 624 3738 primum
646 3650 688 3716 ad
711 3650 872 3716 secundae
895 3651 1120 3716 declinationis
1137 3649 1318 3716 masculina
1339 3673 1410 3737 per-

300 3771 423 3836 gamus.
700 3781 705 3814 ι

383 3858 546 3948 *γάμον
566 3865 719 3948 γαμεῖν.

384 3965 559 4030 Lotissime
590 3964 684 4052 hujus
718 3964 891 4030 verborum
924 3964 1169 4052 compositionis
1206 3973 1296 4049 potet
1324 3983 1409 4042 usus,
