3150 4562
767 327 804 388 13

225 515 290 558 non
325 495 494 582 pertinent.
547 497 640 566 Idem
672 505 879 572 statuendum
909 516 958 572 est
990 508 1030 574 de
1062 510 1223 578 nonnullis
1256 511 1336 579 loeis

224 591 420 680 Euripideis.
482 595 572 683 Cycl.
610 625 642 667 v.
678 608 726 671 26.
768 599 943 688 ποίμνας
978 602 1167 686 Κύκλωπος
1200 603 1335 676 ἀνοσίου

225 683 518 775 ποιμαίνομεν.
562 699 679 766 Cetera
701 705 784 768 enim
806 693 841 769 nt
863 708 1063 792 omittamus,
1092 710 1226 776 verbum
1255 735 1335 777 ποι-

224 784 355 864 μαίνειν
375 816 435 879 per
457 818 491 860 se
513 799 643 864 minime
672 802 833 887 significat
859 827 1020 892 „gregem
1050 812 1222 896 pascere“,
1253 814 1336 878 sicut

224 885 359 969 βάλλειν
380 915 439 978 per
463 918 497 960 se
525 920 590 962 non
620 901 781 986 significat
809 903 929 986 „telum
960 908 1150 994 conjicere.“
1200 910 1266 976 Sed
1294 936 1335 977 ne

225 987 286 1052 hoo
307 991 437 1074 quidem
457 997 536 1060 t'aoit
557 1011 771 1084 momentum,
808 1004 893 1090 quod
917 1004 1019 1070 elucet
1040 1007 1090 1072 his
1110 1008 1206 1074 locis:
1236 1011 1334 1077 Rhea.

225 1109 255 1152 v.
288 1095 326 1156 75
341 1091 396 1168 ¹⁹):
435 1085 466 1155 oi
499 1086 567 1158 d'e’v
595 1094 748 1183 βρόχοισι
783 1098 916 1184 δέσμιοι
961 1102 1161 1192 λελημμένοι
1198 1112 1335 1192 Φρυγῶν

224 1177 405 1274 ἀρούρας
428 1187 605 1272 ἐκμάθωσι
619 1201 831 1281 γαπονεῖν.
860 1202 1010 1278 (Demad.
1025 1229 1056 1292 p.
1072 1201 1124 1274 26
1146 1204 1206 1292 τὴν
1224 1203 1335 1294 χαίραν

223 1291 406 1372 με(ορμῶν),·
435 1291 506 1358 Α1σ.
529 1301 589 1363 869
613 1290 688 1363 odire
710 1296 771 1384 γὰρ
792 1293 897 1385 αὐγὰς
921 1297 1027 1386 χαίρω
1063 1309 1238 1390 προσορῶν
1266 1301 1331 1372 οὔτ’

223 1378 280 1448 ἐπὶ
301 1381 400 1470 μαίας
419 1388 530 1456 πόδα
550 1393 741 1476 πεζεύειν.
786 1401 990 1490 Quamquam
1020 1408 1186 1495 utriusque
1214 1407 1333 1496 objecti

222 1489 307 1551 notio
329 1489 439 1554 verbis
455 1493 526 1578 jam
548 1499 744 1584 continetur,
775 1511 899 1582 tamen,
934 1527 1005 1568 eum
1036 1505 1145 1570 verbis
1173 1531 1238 1573 non
1266 1509 1331 1572 effi·

223 1584 349 1652 cientur
370 1589 507 1676 objeota,
530 1597 627 1661 etiam
650 1599 690 1665 de
711 1601 761 1666 his
782 1623 847 1666 non
868 1602 968 1668 dubia
989 1614 1038 1670 est
1055 1608 1201 1694 quaestio
1215 1607 1264 1685 ²⁰).

304 1685 353 1750 Ne
374 1689 509 1756 verbum
530 1689 652 1760 τίκτειν
680 1700 808 1788 quidem
829 1703 970 1767 venitin
990 1707 1227 1790 quaestionem,
1257 1727 1330 1771 eum

221 1805 298 1849 vero
312 1786 422 1853 verbis
439 1786 536 1854 τέκνα
556 1797 675 1862 τίκτειν
694 1799 726 1866 h.
747 1823 773 1866 e.
794 1811 892 1887 partu
913 1803 1053 1868 infantes
1067 1805 1102 1870 in
1117 1805 1221 1870 lucem
1235 1807 1331 1872 edere

219 1882 265 1946 nil
284 1886 371 1970 insit,
394 1890 479 1975 quod
498 1894 541 1958 ad
563 1896 725 1984 objectum
743 1901 878 1966 interius
896 1912 1028 1990 spectet,
1052 1904 1256 1970 statuendum
1269 1905 1331 1971 hoc

221 1991 279 2065 ert,
301 1987 328 2048 si
349 1996 461 2072 conus
481 1994 632 2079 ponimus
654 1998 749 2064 haec:
769 1995 868 2063 τέκνα
889 2000 1108 2066 παιδοποιεῖν
1128 2004 1180 2068 vel
1201 2005 1328 2072 similia.

221 2080 289 2146 Nec
310 2083 400 2151 deest
421 2091 603 2178 exemplum
624 2095 853 2186 Euripideum:

300 2183 432 2248 παῖδα
453 2196 636 2262 τεκνοῦν.

301 2282 423 2352 Phoen.
448 2295 494 2356 19.
518 2283 548 2353 εί
569 2290 631 2377 γὰρ
652 2292 826 2375 τεκνώσεις
846 2290 953 2375 παῖδ’,
977 2291 1160 2365 ἀποκτενεῖ
1181 2293 1232 2368 σ’ὁ
1255 2296 1327 2390 oric.

301 2375 451 2471 Denique
486 2389 529 2454 ad
561 2392 722 2482 objectum
748 2401 884 2466 interius
911 2398 993 2464 alter
1020 2399 1127 2466 adhuc
1159 2402 1249 2468 locus
1281 2427 1329 2468 re-

217 2481 326 2548 currit.
1005 2516 1010 2524 ·

300 2578 495 2672 *ίίφασμα
514 2588 720 2682 ὑφαίνειν.

298 2683 368 2752 Ion.
400 2695 488 2757 1420.
521 2691 691 2784 σκέψασθ’
721 2687 741 2763 ὃ
769 2700 851 2775 παῖς
869 2690 943 2762 ποτ’
975 2688 1044 2764 οίσ’
1074 2691 1199 2785 ὕφασμ’
1231 2694 1325 2788 ὕφην’

216 2772 290 2862 ἐγώ.
313 2786 406 2861 (conf.
428 2789 506 2857 Hes.
529 2817 605 2882 opp.
625 2819 656 2863 v.
680 2805 749 2864 777.
772 2800 838 2862 νεῖν
857 2795 1001 2886 νήματα.)

297 2882 351 2948 Ab
373 2908 413 2952 ea
434 2889 552 2978 objecti
572 2897 735 2962 interioris
750 2907 852 2984 parte,
875 2900 927 2963 cui
944 2921 1004 2963 neo
1020 2900 1132 2986 stirpis
1147 2921 1208 2964 nec
1228 2901 1325 2986 signi-

215 2976 374 3050 ficationis
397 2993 547 3075 cognatio
569 2995 654 3061 inest
674 2999 758 3062 inter
773 2997 907 3062 verbum
930 3007 1100 3082 etnomen,
1123 2999 1325 3064 excludenda

215 3099 287 3144 esse
307 3088 439 3152 nomina
460 3103 612 3159 concreta
634 3117 768 3184 eamque
791 3097 867 3162 solis
890 3096 1063 3162 abstractis
1084 3098 1325 3164 concedendam

215 3199 286 3243 esse
307 3197 455 3271 apparet.
498 3190 572 3258 Una
593 3203 702 3260 tamen
721 3196 809 3262 valet
829 3197 988 3282 exceptio,
1011 3195 1051 3260 de
1074 3219 1137 3283 qua
1152 3198 1246 3280 infra,
1268 3198 1325 3262 ubi

215 3274 255 3341 de
287 3280 462 3352 abstractis
492 3293 675 3361 nominibus
707 3297 769 3360 erit
801 3297 964 3384 quaestio,
996 3304 1126 3380 agetur:
1161 3295 1324 3362 interdum

282 3467 323 3534 19)
345 3466 501 3528 Editionem
519 3479 629 3530 secutus
647 3494 707 3531 sum
724 3474 969 3533 Kimhhoffianam.
1015 3545 1017 3550 Ι

279 3549 322 3616 20)
345 3550 456 3608 Talium
472 3557 619 3614 verborum
635 3562 712 3615 notio
729 3566 785 3616 tam
805 3562 941 3632 generalis
958 3559 1034 3616 faeta
1051 3565 1102 3631 est,
1119 3566 1151 3616 ut
1167 3561 1258 3618 verbis
1274 3563 1321 3615 ad-

209 3625 365 3699 jungantur
391 3640 501 3709 objecta
529 3660 588 3697 non
615 3645 703 3698 solum
729 3646 825 3698 eadem
851 3650 900 3699 aut
924 3645 1009 3716 stirpe
1037 3650 1086 3700 aut
1111 3643 1321 3716 significatione,

212 3728 376 3786 quamquam
401 3739 471 3792 opus
496 3725 529 3778 iis
557 3745 614 3782 non
640 3733 710 3796 est„
723 3745 818 3782 verum
844 3730 927 3783 etiam
951 3729 1021 3783 fines
1045 3729 1130 3784 verbo
1158 3729 1320 3783 constitutos

211 3799 391 3859 transeuntia.
432 3807 575 3878 Ejusmodi
600 3813 714 3871 verbum
738 3819 780 3867 est
807 3813 979 3885 οἰκοδομεῖν,
1004 3815 1078 3884 quod
1100 3815 1240 3868 notionem
1263 3819 1320 3867 tam

211 3883 369 3950 generalem
393 3893 514 3962 aceepit,
539 3901 570 3948 ut
592 3897 652 3950 sine
674 3896 846 3952 dubitatione
869 3896 991 3952 dicerent
1013 3896 1114 3952 Graeci
1139 3907 1228 3970 τεῖχος
1245 3903 1320 3952 οἱκο-

207 3965 313 4038 δομεῖν.
