3150 4562
739 341 770 399 11

656 419 865 432 m

720 523 791 600 §b

287 653 327 720 G.
351 653 481 718 Curtius
503 651 622 738 objecti
643 652 804 717 interioris
833 673 926 715 usum
956 657 1109 739 quattuor
1138 652 1172 715 in
1202 662 1311 738 partes

204 753 380 831 dividit¹⁵),
403 775 539 840 quarum
560 753 667 838 prima
687 751 818 815 nomina
837 750 946 814 verbis
968 751 1069 836 stirpe
1091 759 1230 835 cognata
1258 757 1311 834 (a),

204 851 346 918 secunda
367 852 411 932 (b)
443 875 625 938 synonyma
657 851 805 915 continet.
856 849 1000 913 Tertiam
1027 857 1153 936 partem
1175 855 1215 928 (c)
1247 860 1312 915 sta·

202 953 273 1033 tuit,
295 950 478 1040 ubicunque
498 951 658 1038 objectum
672 950 807 1014 verbum
823 951 1005 1014 accuratius
1021 949 1140 1024 definit,
1164 958 1312 1038 quartam
1359 1003 1360 1007 ,

203 1051 259 1134 (d),
289 1051 344 1116 ubi
367 1052 502 1116 actionis
523 1051 624 1115 verbo
650 1072 826 1136 expressae
854 1049 1000 1113 effectum
1029 1047 1170 1115 denotat.
1220 1049 1312 1114 Parti

203 1153 302 1237 igitur
322 1150 381 1216 sub
404 1150 437 1228 d)
460 1150 588 1215 cadenti
610 1173 687 1238 pars
711 1159 751 1231 a),
772 1149 828 1213 ubi
851 1149 994 1234 originis,
1020 1157 1051 1212 et
1070 1147 1104 1226 b)
1126 1147 1311 1235 respondet,

203 1249 259 1316 ubi
279 1251 418 1317 notionis
441 1250 615 1315 similitudo
638 1252 787 1314 cernitur.
828 1249 928 1338 Atqui
960 1249 1188 1334 grammatices
1217 1271 1312 1336 para

203 1350 329 1440 grapho
352 1355 422 1432 343,
450 1349 507 1414 ubi
534 1349 573 1414 de
596 1349 778 1415 nominibus
801 1349 946 1413 effectum
969 1349 1104 1414 actionis
1126 1347 1311 1413 notantibus

204 1451 320 1536 agitur,
343 1472 412 1514 oum
437 1449 590 1514 aliatum
604 1451 742 1532 πρᾶγμα
757 1448 992 1512 substantivum
1009 1457 1225 1530 enumeratur,
1248 1471 1311 1535 quo
1343 1453 1347 1459 '

203 1551 347 1633 actionis,
369 1551 428 1612 rori
450 1541 675 1630 πράττεσθαι,
699 1549 844 1630 effectuS,
874 1545 912 1612 τὸ
942 1541 1192 1630 πεπραγμένον,
1229 1546 1311 1612 desi-

203 1662 328 1737 gnatur.
352 1649 448 1728 Quod
469 1651 496 1713 si
518 1671 590 1713 cum
612 1647 712 1712 verbo
733 1657 870 1733 cognato
887 1649 1110 1738 conjungimus
1125 1649 1173 1729 ¹⁶),
1196 1655 1227 1710 et
1248 1648 1312 1733 pri-

203 1773 275 1815 mae
295 1759 327 1814 et
348 1757 482 1836 quartae
505 1749 607 1833 partis
629 1747 811 1835 exemplum
834 1748 990 1812 habemus
1008 1749 1043 1812 in
1058 1771 1122 1812 una
1136 1746 1312 1832 eademque

203 1849 448 1930 constructione,
470 1847 631 1912 secnndae
652 1856 683 1911 et
703 1855 847 1935 quartae,
872 1849 900 1912 si
920 1848 1058 1930 πρᾶγμα
1080 1845 1177 1910 simili
1199 1845 1310 1927 verbo,

201 1948 291 2013 velut
311 1949 437 2030 ποιεῖν,
460 1947 674 2035 adjungimus.
724 1947 777 2011 Ex
803 1947 854 2011 his
881 1970 959 2032 ergo
987 1949 1144 2032 sequitur,
1172 1955 1208 2010 ut
1233 1967 1310 2033 pars
1411 2037 1413 2040 Ι

203 2057 319 2136 quarta
341 2049 541 2112 contineatur
563 2057 594 2111 et
617 2049 777 2135 primast
800 2046 941 2112 secunda
958 2056 1060 2135 parte,
1083 2055 1233 2127 ceterum,
1254 2043 1310 2130 ubi

202 2170 262 2212 nec
284 2149 394 2234 stirpis
421 2169 481 2211 nec
511 2147 755 2232 significationis
782 2149 931 2234 cognatio
961 2155 1082 2229 exstat,
1115 2169 1187 2211 cum
1215 2145 1312 2234 tertia

203 2248 244 2312 sit
260 2245 494 2335 conjungenda.
517 2247 588 2311 Nisi
599 2249 683 2316 enim
702 2248 788 2334 parti
801 2246 834 2323 d)
851 2256 985 2332 utraque
997 2247 1146 2332 cognatio
1163 2245 1262 2326 deest,
1277 2243 1312 2309 in

112 2347 115 2352 ’
204 2347 314 2414 eodem
337 2370 399 2434 quo
423 2357 546 2412 ceteras
567 2370 700 2412 numero
721 2371 793 2412 eam
815 2347 936 2412 habere
957 2368 1021 2409 non
1036 2345 1118 2410 licet.
1150 2343 1310 2434 Equidem

205 2445 322 2536 objecti
359 2447 521 2511 interioris
555 2470 649 2511 usum
693 2446 814 2533 duplici
846 2454 970 2510 tantum
1005 2445 1100 2510 modo
1133 2444 1311 2530 distinguo:

202 2556 297 2634 prout
319 2547 478 2636 objectum
499 2546 599 2611 verbo
620 2555 676 2611 aut
695 2556 867 2633 cognatum
890 2553 938 2609 est
959 2554 1093 2616 autnon
1107 2553 1164 2610 est.
1192 2544 1310 2625 Quam-

202 2648 252 2711 vis
275 2647 358 2711 enim
387 2647 476 2733 prior
507 2669 585 2732 pars
617 2669 652 2711 re
682 2667 761 2709 vera
788 2645 945 2732 bipartita
976 2646 1034 2728 sit,
1067 2643 1311 2731 significationis

203 2756 310 2811 tamen
338 2745 547 2810 similitudine
578 2746 791 2832 conjungitur,
819 2767 933 2830 quare,
955 2746 1146 2831 praesertim
1167 2752 1203 2808 ut
1224 2744 1310 2808 simi·

201 2847 248 2910 los
269 2844 501 2911 vocabulorum
529 2846 768 2932 conjunctiones
798 2844 911 2909 melius
941 2845 1196 2932 perspiciantur,
1225 2852 1310 2908 utra·

202 2967 263 3032 que
286 2944 435 3031 exempla
462 2947 610 3010 continuo
638 2967 810 3031 ponemus,
839 2953 1065 3032 praeterquam
1097 2943 1197 3032 quod,
1229 2966 1311 3033 quae

204 3047 304 3132 stirpe
326 3052 466 3130 cognata
488 3054 573 3126 sunt,
593 3045 757 3109 asteriscis
778 3043 972 3111 notabimus.

718 3197 789 3275 §a

283 3327 377 3392 Nunc
399 3325 442 3390 ad
467 3327 614 3409 nomina,
646 3349 728 3414 quae
757 3325 908 3391 dicuntur
930 3335 1083 3392 concreta
1108 3334 1143 3389 ut
1163 3347 1214 3390 me
1236 3347 1310 3390 con·

202 3436 343 3508 vertam,
369 3434 460 3507 sunt,
483 3427 539 3512 qui
562 3426 603 3490 ab
625 3426 751 3514 objecto
772 3426 925 3491 interiore
947 3448 986 3490 ea
1006 3425 1103 3512 plane
1124 3423 1310 3507 excludant,

201 3527 286 3614 quod
308 3523 469 3614 quomodo
498 3525 569 3588 fieri
596 3527 699 3612 possit
728 3548 793 3589 non
821 3523 976 3610 intelligo.
1025 3523 1211 3590 Wundcrus
1240 3525 1261 3592 l.
1284 3546 1311 3590 c.

201 3629 271 3692 sine
293 3625 358 3692 ulla
380 3623 580 3690 dubitatione
602 3647 673 3690 eam
694 3627 728 3690 in
750 3635 875 3712 partem
898 3624 967 3690 abit
1000 3625 1189 3712 quaestione
1217 3629 1311 3713 quasi

201 3724 364 3812 expedita,
386 3724 522 3791 tacendo
545 3748 639 3812 quem
663 3725 868 3790 Schwarzius
890 3725 980 3811 sequi
1000 3722 1140 3790 videtur.
1182 3723 1310 3792 Kolstc·

199 3858 407 3874 ..ιι-...ὰ-

270 3909 311 3977 15)
333 3907 485 3976 Curtius,
503 3906 629 3980 Schulgr.
648 3915 663 3975 ξ
680 3913 739 3964 400.

269 3995 309 4062 16)
331 3991 501 4048 Demosth.
520 4011 547 4066 p.
566 3991 628 4049 Cor.
648 3997 707 4064 231,
724 3997 757 4048 24
775 3997 896 4069 πρᾶγμα
914 3992 1157 4064 διαπράττεσθαι.
