3150 4562
632 316 840 408 „L

184 490 283 580 λόγον
311 493 504 582 προφωνεῖν
530 494 619 559 Pers.
642 498 710 562 363.
744 487 827 570 ἔπος
856 486 976 558 ἀπύειν
1001 495 1079 560 ibid.
1114 500 1193 560 124·
1216 489 1298 572 ἔπος

184 592 289 663 εἰπεῖν
309 595 388 661 ibid.
411 602 479 662 714.
502 596 616 673 eonor
639 589 724 676 ε’ρεῖν
745 595 822 660 ibid.
847 602 915 664 161.

266 697 363 761 Notio
385 693 514 758 dicendi
534 693 586 758 vel
610 695 718 781 potius
739 693 784 776 id,
809 695 896 782 quod
918 694 1004 761 dicto
1029 697 1219 779 continetur,
1242 699 1299 762 ubi
1390 760 1397 772 ,

184 797 366 864 accuratius
389 795 539 859 definitur
545 843 554 876 ,
577 803 633 858 aut
653 793 788 858 verbum
811 796 933 859 nomini
960 805 1133 880 cognatum
1154 806 1219 880 est,
1243 807 1299 862 aut

186 897 288 963 solum
320 895 454 962 verbum
485 893 679 981 specialem,
710 901 747 958 ut
767 896 813 958 ita
843 894 966 976 dicam,
998 897 1159 962 notionem
1190 896 1297 962 habet.

187 997 321 1083 Semper
342 997 427 1060 enim
448 993 583 1081 objecto,
600 1003 635 1057 nt
656 994 698 1058 sit
712 994 856 1073 interius,
876 996 903 1060 si
917 1017 980 1059 non
1004 995 1099 1079 idem,
1114 997 1298 1081 generalior

187 1119 298 1162 sensus
317 1096 393 1159 insit
414 1115 547 1158 necesse
568 1101 616 1158 est
634 1093 682 1170 25).

268 1188 388 1277 λόγον
415 1193 658 1278 κατηγορεῖν
685 1191 842 1260 1011936.
871 1193 924 1266 (cf.
946 1191 1044 1278 Soph.
1066 1193 1146 1259 Oed.
1168 1196 1205 1260 R.
1228 1203 1298 1265 512.

186 1290 249 1382 ἔπη
271 1289 362 1358 δεινὰ
391 1291 603 1378 κατηγορεῖν).
638 1286 712 1374 ἔπη
744 1282 940 1354 ἀπειλεῖν
972 1291 1083 1379 Suppl.
1108 1301 1176 1362 543.
1207 1298 1297 1375 (item

188 1394 282 1482 Soph.
303 1394 355 1460 Ai.
378 1397 460 1471 312.)
503 1382 702 1466 *ὄνειδος
731 1385 1005 1469 ἐξονειδίζειν
1030 1389 1100 1477 Iph.
1125 1393 1198 1460 Aul.
1221 1402 1296 1462 299:

185 1487 287 1558 καλόν
309 1488 346 1577 μέ
366 1513 427 1572 μοι
448 1483 617 1566 τοῖνειδος
640 1483 850 1568 ἐξωνείδισας
877 1489 977 1576 (apud
999 1489 1192 1576 Sophoclem
1223 1498 1296 1560 sim·

183 1594 260 1682 plex
288 1592 425 1658 verbum
455 1593 615 1679 reperitur
644 1589 725 1654 Phil.
747 1595 817 1656 522.
847 1589 926 1655 Oed.
953 1589 1022 1655 Col.
1045 1595 1127 1669 753).
1167 1585 1299 1676 *ἀρὰς

184 1685 370 1773 ἀρᾶσθαι
400 1690 484 1756 Med.
518 1697 592 1758 604:
628 1681 714 1772 ἀρὰς
742 1684 912 1773 τυράννοις
944 1681 1098 1766 ἀνοσίους
1135 1683 1297 1780 ἀραμένη.

182 1793 302 1859 Phoen.
324 1797 378 1859 67:
414 1781 498 1872 ἀρὰς
523 1781 646 1874 ἀρᾶται
673 1785 790 1854 παισὶν
819 1781 1043 1864 ἀνοσιωτάτας
1076 1791 1126 1868 (cf.
1156 1792 1237 1858 Oed.
1260 1795 1296 1861 O.

183 1899 253 1960 951.
273 1882 426 1975 ἀρᾶσθαι
450 1886 572 1972 πικρὰς
591 1881 679 1970 ἀράς.
711 1888 786 1954 Ant.
808 1895 876 1956 427.
905 1880 1054 1970 ἀρᾶσθαι
1076 1886 1183 1966 κακὰς
1203 1885 1295 1976 ἀράς.

182 1991 233 2057 El.
248 1996 316 2059 388.
339 1983 439 2072 λόγον
453 1984 670 2074 ἐπαρᾶσθαι).
713 1982 867 2068 *εὐχὰς
889 1979 1087 2064 εὔχεσθαι
1108 1990 1179 2077 Iph.
1195 1993 1295 2062 Taur.

183 2096 252 2156 617.
272 2082 413 2170 μάταιον
434 2081 527 2176 εὐχὴν
547 2125 588 2136 -
609 2080 706 2174 ηῖίξω.
736 2089 788 2168 (cf.
813 2087 910 2174 Soph.
932 2087 1012 2153 Oed.
1036 2089 1070 2154 O.
1095 2096 1166 2158 484.
1196 2087 1296 2156 ἐπετί-

182 2192 305 2268 χεσθαι
323 2183 424 2264 λιτάς.
445 2189 562 2256 Aesch.
579 2187 691 2276 Suppl.
717 2195 804 2256 1060.
827 2178 985 2265 εὔχεσθαι
999 2181 1102 2268 ἔπος).
1125 2189 1295 2256 *πειθώ

184 2283 357 2354 πείθειν
378 2289 485 2356 Orest.
509 2295 595 2358 1620.
629 2279 724 2350 πεῖθ’
749 2283 783 2363 ἒς
800 2279 965 2370 Ἀργείους
984 2284 1099 2369 μολών
1120 2327 1160 2336 -
1181 2289 1296 2356 πειθώ

184 2381 265 2466 τίν’,·
298 2390 317 2432 *
329 2383 512 2474 χρησμὸν
540 2387 686 2474 χρῆσαι
718 2387 840 2453 Phoen.
873 2395 942 2457 410.
985 2380 1094 2474 ἒξρηδ
1126 2382 1296 2477 Ἀδράστῳ

182 2481 314 2568 Λοξίας
331 2481 475 2574 χρησμόν
494 2509 578 2553 τινα.

264 2605 478 2670 Excludenda
510 2603 551 2669 ab
587 2603 713 2691 objecto
743 2603 896 2668 interiore
930 2603 1011 2669 haec
1044 2615 1130 2670 sunt:
1166 2597 1297 2684 ὄνειδος

183 2701 268 2788 ε’ρεῖν
299 2704 418 2769 Troad.
449 2708 518 2772 846.
563 2694 648 2787 ἀρὰς
679 2697 892 2789 φθέγγεσθαι
927 2703 1046 2770 Phoen.
1077 2712 1146 2773 475.
1200 2699 1297 2786 εὐχὰς

182 2800 267 2887 ἐρεῖν
295 2803 368 2890 Iph.
394 2802 467 2870 Aul.
498 2808 586 2871 1187.
618 2795 836 2888 βλασφημίαν
864 2799 1079 2889 φθέγγεσθαι
1109 2806 1178 2873 Ion.
1209 2813 1296 2876 1204.

179 2899 313 2993 μέμψιν
332 2895 438 2966 εἰπεῖν
458 2901 553 2968 Rhes.
573 2909 622 2969 51.
645 2897 785 2988 μόμφὰν
807 2893 913 2965 αὐδᾶν
933 2902 1001 2979 Ion.
1025 2908 1094 2972 893.

262 3021 376 3106 Longe
399 3017 492 3084 aliter
512 3042 564 3084 res
588 3019 743 3102 sehabet,
759 3019 814 3084 ubi
837 3019 946 3106 agitur
969 3019 1093 3085 nonde
1114 3043 1233 3107 genere
1255 3045 1294 3088 ac

182 3122 298 3208 specis,
322 3117 379 3185 sed
400 3117 440 3182 de
461 3121 599 3196 notione,
631 3141 714 3206 quae
736 3117 873 3201 dicitur,
905 3118 1076 3206 adjuncta,
1106 3142 1203 3206 quam
1226 3145 1294 3187 sae-

183 3221 331 3306 pissime,
352 3219 545 3305 praesertim
566 3220 599 3282 in
621 3217 795 3282 audaciore
822 3240 969 3282 sermone
997 3220 1142 3305 poetico,
1170 3222 1293 3288 inveni·

182 3339 252 3382 mus
274 3321 307 3383 in
328 3319 494 3384 nominum
515 3317 753 3404 verborumque
777 3315 949 3402 clamandi,
971 3317 1109 3402 ridendi,
1139 3319 1290 3408 ejulandi,

183 3413 390 3500 lamentandi,
406 3416 543 3480 canendi
565 3416 854 3503 conjunctionibus.
899 3417 991 3497 Quae
1014 3419 1083 3483 sive
1103 3419 1204 3485 verbo
1225 3423 1293 3487 sive

182 3513 306 3603 objecto
328 3519 398 3582 sive
420 3515 548 3602 utrique
569 3515 662 3599 inest,
685 3516 848 3603 objectum
871 3539 999 3604 semper
1022 3527 1071 3583 est
1092 3517 1235 3586 interius.

249 3753 291 3819 25)
308 3750 405 3822 Itaque
424 3752 477 3806 hoc
495 3751 606 3805 schema
622 3750 799 3804 statuendum
818 3757 872 3806 est:

305 3869 308 3874 '
346 3836 415 3938 ‘32⁰³‘
433 3833 560 3940 ἆξᾶῗθαι
603 3835 617 3975 }
636 3867 736 3938 object
754 3869 836 3926 inter.

346 3923 430 3989 λογον
448 3923 573 3990 αρασδαι

347 4003 415 4078 ἀρὰς
432 4007 523 4076 λέγειν
541 4003 640 4076 object.
659 4006 742 4058 exter.
