3150 4562
718 443 927 460 m

229 587 232 594 .
263 545 533 633 praestantiores,
563 544 671 626 ΑΕΒ,
709 565 769 629 pro
805 540 914 607 verbis
950 542 1071 626 πικρὰν
1104 523 1191 604 θέαν
1221 539 1374 608 exhibent

266 638 489 726 δυσδαίμονα,
516 643 602 731 quod
632 652 741 708 servet
760 640 896 706 Kirohh.
945 642 1083 707 Sensum
1114 643 1161 706 ita
1191 641 1280 707 loeus
1309 664 1373 708 non

262 742 399 830 praebet
419 745 491 825 nisi,
514 753 549 808 ut
569 750 657 806 reete
679 741 757 806 dioit
778 739 960 824 Nauokius,
983 740 1087 806 deleto
1110 765 1207 806 versu
1228 763 1285 822 eo,
1317 741 1374 828 qui

262 843 415 930 sequitur.
456 841 559 920 Paulo
580 839 694 906 melius
715 841 794 905 ferri
814 849 920 926 potest
939 839 1033 906 lectio
1055 839 1147 906 codd.
1169 839 1225 904 BC
1239 839 1294 905 bo:
1315 835 1372 904 τὸν

263 935 437 1022 δαίμονα.’
460 940 521 1006 Ille
542 943 649 1028 prima
670 962 748 1004 vero
770 938 864 1004 lectio
887 934 1025 1022 (πικρὰν
1046 933 1155 1019 θέαν),
1179 961 1372 1026 quamquem

262 1064 299 1107 eo
328 1039 416 1122 loeo,
447 1063 510 1132 quo
539 1061 590 1127 ap.
619 1040 753 1104 Lasoar.
783 1047 815 1102 et
843 1036 917 1104 Ald.
943 1038 1077 1125 legitur,
1101 1040 1176 1126 jure
1197 1037 1294 1126 pulsa
1314 1047 1372 1120 est,

261 1143 506 1208 tamenooteris
526 1138 599 1226 plus
620 1137 719 1204 habet
749 1137 866 1204 eoloris
891 1137 1078 1224 Euripidei3
1107 1136 1317 1223 quemobrem
1339 1137 1373 1201 in

261 1239 370 1304 multis
392 1239 589 1306 editionibus
611 1261 653 1302 ex
675 1235 881 1322 sequentibus
900 1237 1049 1302 versibus
1065 1236 1128 1302 huo
1142 1236 1300 1302 manslata
1314 1245 1373 1302 est.

341 1331 582 1420 *ἁμαρτίαν
611 1327 881 1453 ἁμαρτάνειν

342 1437 445 1526 Hipp.
473 1443 541 1505 320.
584 1429 714 1522 Θησεάς
745 1457 797 1497 τιν
840 1427 1022 1520 ἡμάρτηκεν
1052 1426 1099 1511 τίς
1129 1429 1159 1497 σ’
1191 1427 1372 1516 ἁμαρτίαν,

261 1537 358 1624 Soph.
380 1537 463 1604 Phil.
489 1543 574 1604 1248.
597 1527 761 1616 ἁμαρτίαν
784 1525 920 1616 αἰσχρὰν
935 1526 1089 1617 ἁμαρτὼν
1102 1525 1281 1614 ἀναλαβεῖν
1295 1553 1372 1596 πει-

259 1629 414 1718 ράσομαι.
448 1635 547 1714 (Plat.
575 1634 674 1720 Gorg
701 1638 774 1702 526:
810 1625 930 1714 ἰάσιμα
959 1627 1234 1720 ἁμαρτήματα
1264 1625 1372 1716 ἆμαρ·

259 1736 348 1812 τεῖν.)

343 1825 485 1920 ὄνησιν
505 1827 753 1915 τέρπεσθαι.

342 1933 449 2000 Orest.
475 1939 561 2002 1042.
581 1927 707 2014 τέρπου
729 1926 820 2016 κενὴν
842 1922 970 2015 ὄνησιν,
997 1922 1027 1992 εἰ
1046 1927 1187 2015 τερπνὸν
1207 1924 1285 1994 τάδε
1303 1927 1370 1996 κτλ.

260 2032 447 2153 S‘ophooles
462 2033 608 2120 cognatis
621 2030 788 2097 vocabulis
804 2031 925 2098 utitur:
947 2030 1064 2096 Teuor.
1078 2030 1116 2096 fr
1133 2037 1193 2098 516
1208 2029 1372 2109 (Nauokae)
1411 2101 1412 2104 Ἴ

258 2126 304 2208 ὡς
326 2123 395 2214 άρ,
420 2121 447 2195 ui
466 2127 591 2214 τέκνον,
612 2126 708 2216 κενὴν
728 2124 911 2215 ἐτερπόμην
925 2131 985 2192 σοῦ
999 2125 1118 2214 τέρψιν
1131 2120 1371 2212 είλσνσνμένου

258 2225 302 2308 ὡς
323 2227 454 2316 ζῶντος,
478 2231 535 2297 ubi
557 2229 687 2296 additur
708 2231 878 2316 genetivus
901 2251 1068 2316 personae.

767 2449 789 2528 ς
813 2451 863 2514 13.

343 2599 448 2685 Saepe
469 2599 567 2664 etiam
590 2597 761 2685 adjectivis
784 2605 815 2662 et
836 2595 1081 2684 pronominibus
1103 2598 1263 2686 objectum
1292 2601 1371 2663 into·

259 2700 326 2764 rius
339 2699 433 2774 inest,
459 2698 507 2762 ita
520 2720 609 2774 vero,
632 2705 666 2761 ut
686 2695 796 2761 verbis
814 2698 946 2783 proprie
961 2698 1177 2764 intransitivis
1192 2698 1370 2786 adjungan-

257 2807 318 2863 tur.
361 2795 416 2860 Ad
435 2796 607 2862 transitiva
629 2794 731 2860 verba
753 2795 839 2882 quod
861 2797 993 2879 attinet,
1016 2819 1082 2861 una
1101 2797 1190 2864 valet
1211 2800 1369 2885 exceptio,

258 2893 298 2960 de
320 2901 384 2981 qua
405 2896 514 2960 statim
542 2905 665 2981 agetur.
713 2892 886 2982 Adjeotiva
915 2897 1000 2960 enim
1032 2894 1089 2960 illa
1117 2907 1148 2962 et
1178 2898 1370 2984 pronomina

258 3001 313 3060 aut
333 3016 452 3082 genere
480 3003 512 3059 et
538 3016 671 3058 numero
700 2992 885 3058 indicant
875 3017 982 3080 rpsum
1003 2995 1164 3084 objectum
1192 2997 1223 3062 h.
1246 3021 1273 3064 e
1297 2997 1369 3062 sub-

157 3128 159 3136 1
259 3095 433 3184 stantivum
456 3115 527 3160 esse
556 3095 727 3207 omissum,
753 3102 809 3158 aut
835 3103 950 3160 neutra
977 3094 1146 3162 indefinita
1168 3106 1242 3162 sunt
1262 3099 1367 3182 singu·

257 3193 336 3258 laris
357 3192 410 3258 vel
429 3192 565 3280 pluralis
586 3193 721 3259 numeri
764 3192 808 3256 Et
820 3194 929 3279 priore
946 3193 1099 3278 quidem
1090 3219 1125 3260 m
1138 3205 1284 3282 porte‚u
1264 3207 1369 3262 utrum

256 3293 461 3358 transitivum
493 3292 535 3356 sit
567 3289 703 3357 verbum
739 3314 781 3356 an
815 3294 1066 3370 intransitivum,
1100 3295 1181 3362 nihil
1216 3297 1370 3362 momenti

258 3393 360 3458 affert
414 3391 515 3480 Cujus
549 3391 679 3478 generis
712 3390 861 3478 exempla
892 3393 1001 3480 apud
1014 3393 1208 3482 Euripidem
1243 3394 1367 3480 desunt

254 3489 370 3556 Aesoir.
384 3489 501 3582 rigam.
525 3496 621 3559 1345:
643 3482 732 3572 άίμοι
752 3481 838 3573 μάλ
863 3481 978 3576 αιίθις,
1004 3489 1157 3580 δευτέραν
1176 3488 1368 3579 πεπληγμέ-

255 3611 319 3665 νος.
351 3589 450 3676 Sopb.
474 3590 527 3656 El.
558 3597 650 3658 1415.
673 3591 815 3668 παῖσον,
849 3583 879 3655 εί
908 3585 1051 3669 σθένεις,
1075 3591 1210 3680 διπλῆν.
1244 3594 1367 3660 Neutra

255 3688 423 3754 indefinita
441 3689 540 3756 multo
566 3691 696 3778 saepius
718 3691 975 3771 adhibentur29).
954 3693 1113 3775 )Quae
1134 3703 1190 3760 aut
1217 3717 1286 3760 rem
1313 3693 1366 3758 de·

254 3797 384 3872 notant,
411 3787 454 3854 ad
476 3812 573 3880 quem
593 3791 733 3877 pertinet
753 3791 846 3858 verbi
873 3791 973 3876 aetio,
999 3802 1055 3859 aut
1083 3795 1243 3860 actionem
1271 3792 1364 3861 verbi

322 4043 365 4107 ²9)
395 4038 551 4106 Curtius,
570 4036 770 4110 Sobulgramm.
789 4047 805 4108 ς
821 4042 879 4098 461.
