3150 4562
738 347 775 408 41

199 523 338 590 efficitur
359 527 507 606 πρᾶγμα.
549 521 650 588 Haud
671 520 734 590 alio
755 522 867 602 modo,
897 523 983 610 quod
1010 524 1068 589 Ion
1090 545 1162 588 eam
1183 524 1314 610 reperit,

201 623 325 688 Oretisa
344 623 381 688 fit
403 617 504 709 φίλον
519 617 661 707 εὕρημα.

285 721 460 808 Objectum
481 721 568 810 qnod
593 722 711 786 vocavi
732 723 868 787 actionis
888 743 953 787 non
980 743 1117 807 magnas
1146 719 1316 786 difficulta-

200 830 250 886 tes
272 820 416 907 praebet.
448 821 541 902 Quae
560 821 692 886 nomina
712 821 849 886 actionis
870 842 948 886 vere
967 819 1117 885 dicuntur
1132 819 1195 884 huc
1209 820 1318 884 omnia

181 919 388 984 *revocanda
416 930 499 986 sunt.
549 918 713 1006 Exempla
739 941 846 1006 pauca
872 917 1049 984 sufficiant:
1084 911 1252 998 δεξόμεθά
1281 937 1319 980 σε

205 1012 295 1094 δέξιν
315 1013 354 1102 ἥν
376 1039 413 1082 σε
437 1015 605 1096 δέξασθαι
622 1015 725 1101 χρεών
737 1049 780 1070 =
797 1011 966 1098 δεξόμεθα
987 1038 1024 1081 σε
1038 1013 1143 1092 οὕτως
1165 1009 1211 1092 ὡς
1231 1013 1318 1091 usk

203 1115 428 1199 προσνελᾶτε·
450 1111 659 1182 πανύστατον
701 1112 808 1199 γέλων
845 1147 888 1172 =
925 1115 1128 1201 προσγελᾶτε
1164 1110 1319 1180 ὕστατον.

201 1213 371 1280 Accedunt
401 1226 508 1282 autem
541 1239 584 1282 ex
612 1225 706 1303 parte
738 1215 868 1303 quidem
895 1218 1028 1281 nomina
1048 1217 1232 1296 affectuum,
1255 1214 1319 1280 sio:

203 1311 298 1398 φιλεῖ
316 1338 375 1395 μιν
396 1309 558 1401 παντοίην
580 1309 744 1400 φιλότητα
759 1344 802 1368 =
814 1309 993 1390 παντοίως.
1016 1310 1125 1400 φόβον
1143 1310 1239 1378 κενὸν
1254 1333 1320 1399 φο-

202 1415 398 1496 βεῖσθαιπ
411 1415 513 1490 κενῶς
539 1414 570 1479 h.
592 1437 619 1480 a.
646 1407 798 1492 ματαίως
824 1415 1022 1501 φοβεῖσθαι.
1072 1413 1319 1479 Substantivum

202 1508 313 1598 φόβος
343 1522 459 1579 eontra
492 1511 549 1578 ubi
576 1512 877 1578 terriculamentum
902 1513 1083 1598 significat,
1116 1512 1160 1578 ad
1187 1511 1318 1576 modum

202 1635 269 1678 non
297 1613 446 1700 pertinet.
495 1611 624 1676 Eadem
655 1613 795 1694 ratione,
827 1634 902 1677 oum
933 1611 1172 1677 substantivum
1200 1604 1319 1686 πάθος

204 1734 270 1778 non
292 1713 478 1798 passionem
491 1712 557 1793 ³⁵),
580 1711 637 1775 sed
665 1711 787 1776 malum
811 1711 986 1796 significet,
1009 1711 1096 1796 quod
1116 1712 1151 1775 in
1172 1710 1318 1776 homines

204 1809 335 1892 incidit,
357 1810 460 1875 verba
479 1811 607 1873 παθεῖν
628 1806 737 1873 δεινὸν
758 1804 877 1885 πάθος
904 1833 970 1875 non
991 1809 1176 1896 significant
1204 1809 1319 1884 δεινῶς

202 1909 341 1984 παθεῖν,
361 1931 475 1974 verum
496 1903 606 1972 δεινόν
626 1929 659 1970 τι
679 1908 816 1974 παθεῖν.
861 1907 927 1973 Sed
947 1907 1210 1973 terriculamenta
1237 1908 1318 1972 haec

205 2015 237 2070 et
257 2005 354 2089 mala,
383 2029 467 2091 quae
496 2008 698 2072 extrinsecus
726 2007 761 2070 in
787 2006 952 2072 hominum
981 2009 1108 2071 animos
1132 2009 1318 2092 irrumpunt

205 2105 429 2192 actionemque
445 2105 539 2170 verbi
549 2102 776 2191 respondentis
799 2108 1000 2186 excitant,
1023 2127 1129 2170 nonne
1150 2105 1185 2168 in
1205 2105 1246 2168 iis
1261 2103 1316 2168 ha-

203 2202 311 2268 benda
333 2213 422 2287 sunt,
449 2227 532 2290 quae
559 2225 658 2289 supra
687 2202 729 2267 ab
758 2201 884 2290 objecto
905 2205 1059 2268 interiore
1082 2201 1230 2268 secrevi?
1257 2202 1317 2267 Mi-

203 2304 299 2385 nime,
318 2305 443 2390 opinor.
487 2302 578 2368 Siout
605 2304 690 2366 enim
718 2301 811 2393 dolor
836 2304 973 2386 cogitari
1002 2325 1068 2367 non
1094 2311 1217 2387 potest,
1240 2302 1317 2388 quin

205 2403 377 2485 sentiatur,
400 2404 447 2466 sic
468 2422 629 2489 personae
649 2423 786 2488 quoque,
808 2425 877 2483 res,
903 2413 1020 2466 eventa
1041 2425 1112 2489 per
1128 2423 1168 2466 se
1191 2402 1316 2466 timoris

203 2501 322 2566 malive
343 2501 423 2566 nihil
444 2501 575 2583 habent,
597 2498 656 2566 sed
670 2499 814 2564 timendo
830 2513 927 2588 atque
940 2501 1094 2588 patiendo
1115 2493 1220 2583 φόβαι
1237 2499 1318 2563 fiunt

203 2608 235 2664 et
255 2594 365 2683 πάθη.
1169 2678 1174 2686 ἢ

285 2697 379 2778 Quae
408 2702 436 2764 si
463 2697 725 2784 complectimur,
757 2696 873 2763 eadem
900 2700 986 2764 ratio
1018 2697 1190 2764 intercedit
1215 2699 1316 2762 inter:

201 2790 301 2882 πάθη
331 2793 437 2879 μέλεα
465 2790 604 2875 πάσχειν
632 2806 678 2860 et:
719 2791 830 2882 φόβον
864 2793 960 2862 κενὸν
1000 2799 1204 2883 φοβεῖσθαι,
1237 2817 1319 2881 qnae

201 2896 300 2960 inter:
327 2889 473 2982 κτήματα
496 2887 598 2959 hisnu
618 2897 769 2959 κτᾶσθαι
795 2908 843 2962 et:
869 2892 989 2983 τέρψιν
1013 2894 1109 2984 κενὴν
1132 2891 1320 2978 τέρπεσθαι

202 2995 411 3082 conspicitur.
454 2993 654 3077 Ceterorum,
677 3016 761 3080 quae
781 2995 835 3062 hic
855 2997 939 3064 forte
961 2998 1097 3063 veniunt
1110 2997 1145 3060 in
1159 2996 1318 3083 quaestio-

200 3116 285 3169 nem,
310 3093 585 3158 substantivorum
607 3115 673 3158 una
688 3116 763 3158 oum
777 3094 898 3178 verbis,
920 3095 961 3161 ds
976 3095 1093 3184 quibus
1108 3093 1318 3183 paragrapho

200 3193 354 3278 proxima
373 3201 498 3280 agetur,
522 3193 718 3258 mentionem
739 3193 870 3261 faciam.

711 3412 731 3491 ξ
758 3417 803 3478 16.

277 3573 350 3638 Non
372 3575 457 3640 enim
480 3575 642 3662 objectum
667 3576 770 3643 solnm
798 3579 880 3644 facit
910 3588 1107 3644 momentum
1137 3581 1172 3643 in
1203 3578 1316 3644 distin·
1397 3663 1400 3668 Ι

196 3673 333 3756 guendis
355 3673 474 3761 objecti
495 3676 660 3742 interioris
682 3676 874 3761 generibus,
899 3676 957 3742 sed
977 3677 1072 3744 verbi
1091 3699 1193 3763 genus
1218 3687 1316 3765 atqua

198 3771 395 3856 significatio
419 3775 600 3840 arctissime
629 3797 701 3840 cum
728 3797 766 3840 eo
795 3775 955 3842 cohaeret
1005 3776 1222 3842 Accusativus
1253 3775 1310 3842 ob·

195 3921 405 3934 ——s—

260 3987 303 4052 35)
333 3987 407 4044 Sane
425 3993 517 4060 partos
537 3988 675 4045 interdum
692 3990 809 4062 suscipit
824 3991 900 4048 vocis
920 3991 1077 4046 ramnimae
1097 3989 1232 4059 πάθητις.
