3150 4562
715 319 776 386 '39
888 360 889 364 =

639 399 850 416 ——dfl-t-

163 547 170 564 ι
204 515 311 572 autem
332 513 390 588 est,
413 504 565 592 quoniam
587 497 709 591 objecti
725 491 898 590 interioris'‚
910 509 1066 570 naturam.
1081 508 1177 587 atque
1194 493 1314 586 genera

153 649 170 678 r.
203 604 354 672 subtilius
377 603 512 690 definire
525 589 768 689 ,complectique
798 600 1313 694 adqextremumreservavimus,

165 729 170 758 2
204 705 384 791 generatim
412 701 493 768 illud
520 699 742 774 tantummodo
758 709 804 764 'et
829 698 872 765 ad
901 701 1064 770 nominum
1091 699 1315 765 formationem

203 804 346 890 potuisse
366 801 447 896 fieri.
496 800 581 882 Nee,
600 822 677 874 ‚cum
705 807 812 864 certus
829 807 968 868 tantum
996 798 1207 866 enumerandi
1233 798 1313 868 ordo

204 901 383 968 servandus
405 908 507 974 esset,
539 899 607 984 ¹qui,
625 921 722 985 quam
753 898 897 962 maxima
928 899 1160 985 perspicuitate
1185 899 1313 981 rationi,

170 1069 173 1074 ,
205 1024 269 1088 qua
297 1001 518 1067 accusativum
544 996 677 1084 objecti,
690 998 854 1070 interioris
881 997 1099 1083 explicamus,
1121 999 1314 1082 conveniret,

204 1100 260 1166 ubi
280 1121 363 1187 opus
385 1121 456 1170 esse
476 1098 582 1170 visum
602 1105 668 1180 est,
691 1097 822 1184 quint
791 1097 888 1162 etiam
911 1095 952 1160 ab
974 1095 1029 1162 illo
1052 1106 1227 1185 praecepto
1250 1097 1314 1163 dis·

207 1200 322 1266 cedere
344 1197 569 1268 dubitavimus.

276 1298 393 1380 Nune,
423 1294 683 1383 quandoquidem
712 1294 863 1382 exempla
884 1296 992 1362 omnia
1008 1297 1042 1362 in
1065 1261 1174 1383 promt
1174 1319 1196 1362 u
1160 1295 1313 1362 t·habe
1341 1295 1358 1355 .”

206 1421 287 1482 mus,
293 1417 507 1490 quoscunque
514 1396 693 1482 reperimus
705 1393 903 1476 objectorum
917 1404 1048 1460 accusat
1049 1396 1130 1478 ivos,
1143 1394 1186 1460 ad
1192 1417 1314 1480 genera

204 1519 402 1567 revocemus.
413 1494 488 1581 Obj
500 1505 636 1579 ectum,
650 1492 891 1582 quoddicitur,
882 1496 1058 1559 interius
1073 1495 1232 1582 duplex
1243 1506 1315 1562 est

205 1598 301 1662 Prius
321 1597 390 1683 ejus
412 1615 513 1680 genus
536 1593 743 1681 objectum
764 1593 900 1658 effecti
919 1595 1165 1660 nominaverim.
1186 1593 1315 1662 Indicat

207 1697 303 1778 enim,
325 1717 388 1782 quo
410 1694 494 1759 aetio
515 1692 609 1758 verbi
630 1693 753 1756 intenta
775 1693 825 1774 sit,
847 1692 946 1779 quid
967 1691 1087 1758 efficiat
1098 1693 1149 1760 vel
1163 1695 1314 1764 effecerit

208 1793 355 1860 Alterum
369 1815 471 1878 genus
493 1791 693 1879 objectum
716 1800 765 1856 est
784 1793 970 1875 actionis,
991 1815 1108 1858 nomen
1130 1795 1226 1871 enim,
1251 1817 1314 1882 quo

204 1892 299 1958 verbi
319 1893 408 1957 notio
437 1889 551 1956 infinit
529 1891 589 1956 t1vi
614 1892 739 1956 ratione
759 1893 956 1974 continetur,
980 1892 1316 1977 quemadmodum

207 1991 395 2058 actioverbi
417 1989 585 2073 efficiatur,
607 1975 747 2056 denotat.
792 1989 964 2077 Objectum
985 1991 1084 2076 igitur
1102 1992 1207 2058 effecti
1224 1993 1317 2061 verbi

173 2122 180 2156 ·.
207 2093 333 2174 actione
344 2091 492 2172 efficitur,
507 2111 545 2156 eo
558 2098 675 2172 autem,
687 2088 773 2176 quod
785 2088 828 2154 ad
841 2090 987 2155 effectum
999 2091 1154 2177 pervenit,
1169 2091 1316 2159 substan·

206 2167 336 2273 tialiter,
358 2198 394 2254 ut
414 2190 461 2254 ita
482 2189 590 2254 dicere
612 2189 691 2254 mihi
712 2187 810 2254 liceat
830 2183 1106 2272 ιαύθυπάρκτως),
1139 2195 1316 2279 opponitur

207 2289 307 2356 verbo
329 2299 361 2354 et
382 2287 630 2364 similitudinem¹
643 2288 817 2374 quandam,
839 2288 947 2376 speeie
968 2288 1104 2372 scilicet,
1133 2293 1316 2376 exterioris,

208 2388 294 2476 quod
306 2388 433 2470 dieitur,
446 2387 565 2475 objecti
576 2389 711 2474 accipit:
727 2387 888 2475 objectum
903 2389 1040 2454 actionis
1054 2411 1119 2453 una
1134 2411 1207 2456 cum
1220 2391 1315 2456 verbi

209 2489 334 2565 actione
354 2488 487 2573 incipit,
507 2495 691 2574 permanet,
721 2486 820 2560 finem
853 2488 950 2574 capit.
993 2487 1068 2553 Duo
1096 2487 1177 2554 haee
1198 2489 1316 2577 objecti

207 2586 369 2651 interioris
383 2607 504 2670 genera
521 2609 595 2652 cum
615 2607 844 2673 nonnunquam
866 2587 950 2652 inter
973 2607 1007 2651 se
1030 2588 1229 2672 contingant,
1250 2610 1315 2654 non

209 2705 336 2770 semper
357 2684 452 2750 facile
480 2693 616 2772 possunt
643 2685 794 2773 disjungi.
844 2684 936 2765 Quae
964 2707 1016 2750 res
1046 2707 1083 2750 eo
1111 2685 1317 2773 dijudicatur,

210 2783 296 2868 quod
317 2782 436 2871 objecti
458 2785 594 2862 actionis
615 2784 686 2850 viee
709 2807 835 2872 semper
855 2783 1064 2868 adverbialis,
1087 2807 1184 2873 quam
1207 2786 1319 2852 dicunt

207 2883 421 2966 grammatici,
445 2885 666 2971 pronuntiatio
682 2893 789 2970 potest
806 2883 905 2976 fungi.
939 2883 1232 2971 Ipsumvautem
1254 2886 1319 2952 ob·

209 2983 382 3068 jectum,
405 2982 510 3068 quod
530 2982 885 3060 modumdenotat,
908 3005 986 3048 non
1008 2984 1097 3049 sine
1118 2983 1319 3072 adjectivi

209 3080 624 3168 velpronominisvel
641 3084 946 3160 enuntiationis
965 3082 1182 3170 adjunctae
1199 3085 1318 3172 poni-

209 3188 274 3246 tur
304 3179 600 3258 additamento,
638 3181 739 3298 quod
771 3182 928 3269 quidem
960 3181 1163 3251 adverbio
1195 3182 1319 3249 reddi

211 3289 355 3366 potest.
366 3281 406 3356 ³²)
448 3279 649 3346 Attributum
682 3283 767 3347 enim
798 3281 859 3348 hoo
883 3289 939 3348 aut
964 3283 1021 3366 rei,
1045 3281 1208 3370 adquam
1233 3285 1319 3351 actio

211 3381 360 3464 pertinet,
381 3380 467 3444 aut
457 3380 521 3466 rpsi
542 3379 643 3446 verbo
664 3381 872 3447 tribuendum
894 3391 952 3449 est.

293 3478 410 3542 lam
384 3501 413 3542 ιι
434 3478 478 3544 ad
499 3478 643 3565 singulos
663 3480 752 3546 locos
773 3504 832 3546 nos
853 3483 1079 3565 convertimus,
1103 3479 1214 3564 verba,
1237 3503 1320 3568 quae

184 3573 348 3659 .legimus
376 3578 443 3645 lon.
474 3603 503 3645 v.
532 3585 625 3658 1525·
663 3574 764 3666 φίλον
789 3578 848 3661 μὲν
878 3572 935 3646 cdv
964 3572 997 3645 o'
1013 3575 1167 3698 adquae,
1203 3581 1318 3663 μῆτερ,

213 3670 350 3759 εὕρομεν
378 3680 425 3745 sie
453 3680 573 3744 mutari
601 3688 752 3766 possunt.
785 3673 886 3766 φίλον
905 3701 954 3757 τι,
985 3682 1100 3766 μῆτερ,
1123 3673 1261 3760 εὕρομέν
1283 3699 1320 3741 σε

212 3781 323 3854 (etwas
343 3777 461 3842 Liebes
485 3777 569 3844 habe
587 3777 670 3844 ich
661 3801 695 3843 m
710 3778 762 3844 dir
776 3779 996 3865 gesunden,
969 3801 1061 3844 emen
1075 3778 1210 3844 theuem
1225 3777 1321 3842 runo

281 3924 324 3987 3²)
347 3923 530 3997 Excipiuntur
543 3926 724 3998 paucissimae
751 3928 897 3984 verborum
918 3928 1139 3998 conjunctiones,
1167 3925 1319 3997 dequibus

212 4005 339 4062 ᾱίιιοιιιίι
356 4006 547 4066 Lobeclriusl.
565 4027 587 4066 c.
604 4027 668 4082 pag
687 4013 744 4066 504.
