3150 4562
737 329 777 392 35

201 509 424 576 Kirehhoffius
440 507 705 575 antecedentibus
713 511 917 578 commutatis
924 500 1174 590 versibhti-ISO
1182 517 1214 574 et
1226 515 1315 590 1181)

202 611 453 676 enuntiationem
475 608 646 674 relativam
670 609 717 674 ita
736 611 884 694 mutavit,
906 619 942 675 ut
961 607 1311 696 pendeat-assutum-

200 703 424 791 111τομισθός.
566 701 569 707 ’
1198 749 1201 760 ·
1259 775 1264 780 .

284 808 529 875 Substantivum
561 799 662 889 δψις,
702 808 836 895 proprie
868 807 999 895 quidem
1037 809 1145 895 ipsam
1182 810 1317 891 videndi

202 911 377 990 sotionem,
416 931 514 996 saepe
552 907 640 974 idem
680 907 845 992 signifieat
881 916 979 992 etque
1017 901 1189 994 πρόσοψις
1224 910 1255 976 lu
1288 918 1314 977 ε’.

204 1017 364 1095 aspectus,
384 1009 476 1073 visus
498 1029 559 1072 nee
579 1029 655 1072 raro
676 1005 813 1072 similem
837 1006 1032 1072 substantivi
1054 1001 1170 1088 θέαμα
1192 1010 1313 1096 signifi-

203 1109 360 1172 sationem
379 1108 508 1194 aoeipit.
563 1105 654 1171 Idem
681 1108 716 1170 in
743 1104 980 1172 substantivum
1010 1100 1079 1170 θέα
1106 1108 1202 1176 valet
1251 1109 1314 1176 Lo·

203 1205 337 1272 beokius
358 1205 379 1273 l.
402 1228 429 1272 e.
458 1227 534 1292 pag.
562 1213 621 1272 511
656 1229 702 1294 sq.
735 1205 839 1272 multa
870 1205 1021 1294 exempla
1051 1206 1163 1291 affert,
1197 1208 1313 1296 quibus

201 1306 332 1372 nomina
353 1299 422 1368 θέα
444 1314 477 1370 61
498 1296 581 1391 δ’ψις
616 1306 808 1392 saepissime
844 1305 955 1370 idem
992 1305 1176 1392 significare
1217 1318 1313 1396 atque

202 1399 318 1487 θέαμα
334 1405 541 1470 demonstret.
564 1403 661 1485 Quod
682 1414 790 1470 utrum
807 1404 1049 1470 eoncedendum
1070 1406 1112 1472 sit
1133 1429 1175 1472 an
1197 1405 1310 1472 discri-

201 1529 293 1588 men,
328 1505 476 1592 quamvis
514 1502 632 1569 subtile
668 1503 828 1588 obtineat,
857 1504 919 1570 hoe
945 1503 1017 1572 loeo
1038 1503 1223 1592 disceptare
1243 1506 1311 1574 lon·

201 1629 277 1692 gum
299 1614 356 1670 est
387 1603 469 1692 Ejus
484 1602 583 1668 modo
595 1604 642 1668 rei
656 1606 849 1670 mentionem
863 1605 1004 1687 fecerim,
1026 1605 1113 1690 quod
1125 1605 1312 1674 Lobeekius

200 1705 220 1772 Ι.
243 1705 362 1792 eipso
386 1703 479 1768 affert
500 1701 687 1768 Herodiano
708 1702 814 1770 loeum
836 1710 877 1787 (3,
900 1710 919 1772 8
940 1726 1016 1790 pag.
1038 1710 1093 1787 68,
1115 1707 1185 1786 30:
1220 1698 1312 1770 εἴδο-

199 1825 261 1885 μεν
282 1797 368 1878 θέας
389 1799 580 1884 θεαμάτων,
611 1825 673 1889 pro
694 1825 757 1888 quo
779 1804 957 1868 rectissime
986 1802 1051 1868 diei
1078 1814 1185 1891 potest
1212 1797 1313 1894 δ’ψεις

201 1896 392 1984 θεαμάτων,
414 1901 472 1966 sed
493 1901 571 1990 quid
592 1911 667 1966 sunt
689 1895 844 1982 θεάματα
858 1896 1074 1984 Δδναμδτωνῗ

283 2001 381 2090 Apud
403 2000 595 2088 Euripidem
623 2001 828 2068 substantiva
857 1993 941 2091 δ’ψτς
966 1999 1158 2091 (πρόσοψις)
1185 2014 1217 2070 61
1244 2002 1312 2072 θέα

200 2103 294 2168 varia
315 2102 549 2185 significatione
567 2103 778 2188 reperiuntur.

283 2195 494 2286 πρόσοψιν
520 2191 635 2267 ἰδεῖν.

283 2301 389 2367 Orest.
415 2305 501 2368 1020.
523 2289 569 2376 ῶς
588 2288 622 2363 o‘
646 2292 753 2364 idodo'
768 2296 803 2366 ἐν
816 2291 945 2383 δμμασι
958 2296 1166 2390 πανυστάτην
1183 2299 1309 2390 πρόσο-

201 2410 264 2488 ψιν
283 2394 413 2485 ἐξέστην
432 2401 570 2482 φρενῶν.

283 2491 382 2586 δ’ψιν
404 2491 517 2564 ἰδεῖν.

283 2598 351 2685 Iph.
374 2597 474 2664 Taur.
499 2603 565 2666 149.
590 2597 665 2661 οἵαν
686 2591 807 2680 ἰδόμαν
828 2590 912 2687 δψιν
934 2592 1069 2685 ὀνείρων
1089 2598 1212 2682 νυκτός.

283 2688 387 2780 δ’ψιν
407 2691 753 2782 αροσδὲρκεσδαι.

281 2795 354 2862 Η61.
376 2801 446 2864 558.
467 2789 518 2872 τίς
540 2785 587 2873 εἷς
617 2789 680 2860 τίν’
710 2790 793 2887 δ’ψιν
813 2793 883 2887 σήν,
911 2794 1016 2886 γύναι,
1037 2799 1307 2888 προσδέρκομαι,·

199 2896 371 2986 Appositio
393 2899 534 2961 cernitur
555 2895 643 2963 hisee
663 2898 761 2965 loeis:

281 2987 383 3081 ὅψιν
409 2985 606 3059 λεύσσειν.

281 3093 401 3160 Baeeh.
427 3088 660 3162 1111111111111
683 3092 745 3179 γὰρ
768 3088 877 3186 αὐτήν,
902 3088 986 3186 δ’ψιν
1008 3090 1067 3163 οὐκ
1087 3091 1282 3182 εὐδαίμονα

282 3187 382 3280 δ’ψιν
409 3187 579 3278 εἰσορᾶν.

282 3293 388 3360 Orest.
418 3301 492 3378 717,
511 3287 598 3358 ’1111)
631 3288 751 3379 εἰσορῶ
777 3292 838 3380 γὰρ
866 3290 962 3360 τόνδε
990 3290 1151 3384 φίλτατον
1180 3303 1308 3385 βροτῶν

199 3388 360 3479 Πυλάδην
380 3386 492 3478 δρόμῳ
515 3389 682 3474 στείχοννα
707 3390 850 3461 Φωκέων
871 3387 952 3473 diruo,
974 3390 1088 3482 ἡδεῖαν
1109 3389 1203 3484 δ’ψιν.

283 3493 439 3579 Superest
461 3491 561 3578 loeus,
584 3493 625 3562 de
646 3519 711 3584 quo
724 3497 827 3562 fusius
847 3495 1025 3584 disputavit
1037 3497 1221 3565 Lobeokius
1241 3499 1262 3565 l.
1279 3524 1307 3567 o.

199 3595 269 3673 54.
291 3593 377 3658 init:
927 3591 930 3598 ’

282 3685 384 3754 θέαν
405 3683 522 3758 ἰδεῖν.

281 3784 633 3878 Η1ρρ.804.ἒκλύεθ’
658 3787 798 3878 ἆρμούς,
827 3785 873 3870 ῶς
899 3785 962 3859 ἴδω
993 3793 1117 3879 πικρὰν
1136 3789 1221 3860 θέαν
1249 3817 1305 3880 yo-

199 3882 322 3966 ναικός,
345 3881 365 3976 ἢ
385 3913 427 3972 με
450 3887 654 3956 κατθανο1σ’
679 3887 859 3958 ἀπώλεσεν.

279 3989 408 4056 Revera
428 4002 533 4058 autem
557 3996 736 4080 suspitione
759 4018 823 4061 uon
852 4003 949 4062 earet.
999 3995 1044 4060 Et
1070 3994 1147 4062 libri
1175 3994 1304 4084 quidem

1060 4093 1094 4148 3*
