3150 4562
817 331 837 392 6
861 371 863 376 ,

272 509 368 575 tionis
389 508 644 594 magnificentia,
674 505 756 571 alter
777 507 993 573 concinnitate
1014 517 1112 595 atque
1133 509 1302 595 majestate
1327 529 1382 572 ex-

273 607 372 689 cellit,
400 607 450 672 his
479 607 609 695 quidem
635 607 669 670 in
696 605 792 670 rebus
819 628 885 670 non
912 628 1027 694 parem
1046 605 1145 672 habet
1164 606 1302 684 laudem,
1325 607 1383 672 scd

272 718 396 789 tamen,
425 705 589 794 quasillis
611 703 808 790 probantur,
830 705 871 768 iis
891 728 993 793 acque
1013 707 1112 770 utitur
1134 728 1194 770 nec
1214 729 1289 771 raro
1312 730 1382 773 ora-

272 808 367 871 tionis
388 806 527 870 audacia
555 805 582 869 si
609 805 714 868 minus
735 805 896 890 superior,
925 814 959 869 at
980 814 1065 869 certe
1087 828 1148 892 par
1168 806 1382 892 conspicitur:

273 908 341 970 sive
356 928 429 970 cum
445 926 564 991 prosae
580 901 793 988 scriptoribus
807 925 880 967 cum
894 903 1097 988 conferimus,
1113 904 1222 969 Attico
1241 906 1383 970 maxime

273 1026 428 1086 sermone,
451 1004 502 1068 cui
523 1001 713 1088 simplicitas
736 1000 896 1088 quaedam
917 1002 1001 1067 inest
1023 1011 1055 1067 et
1075 1002 1246 1088 elegantia,
1267 1005 1300 1068 in
1314 1003 1383 1068 dia·

271 1104 353 1189 logis
376 1126 448 1167 eum
470 1103 517 1166 uti
539 1101 695 1167 videmus.
738 1100 806 1164 Nec
823 1101 1093 1187 praetereundum
1116 1102 1177 1166 hoc
1198 1112 1265 1185 est,
1296 1103 1383 1189 quod

271 1202 459 1288 Euripides,
482 1224 555 1266 cum
577 1201 620 1266 ad
642 1199 868 1288 philosophiae
888 1203 1082 1287 pracsertim
1106 1200 1247 1266 studium
1269 1225 1304 1267 se
1326 1225 1381 1290 ap-

271 1301 408 1389 plicaret
429 1302 561 1388 ejusque
583 1308 759 1387 praecepta
780 1299 920 1364 orationi
944 1321 1040 1386 quam
1058 1301 1247 1386 saepissime
1265 1301 1384 1367 soleret

271 1404 435 1482 intexere,
464 1399 591 1465 fabulas
621 1401 852 1463 sententiarum
880 1398 1084 1465 multitudine
1109 1399 1246 1466 refersit.
1287 1401 1382 1489 Ejus·

272 1499 361 1564 modi
382 1501 528 1564 oratione
550 1497 689 1562 diversis
718 1499 821 1562 mixta
850 1496 1015 1563 elementis
1042 1520 1115 1562 cum
1143 1499 1284 1565 medium
1306 1523 1382 1588 quo-

272 1599 446 1664 dammodo
471 1598 577 1664 locum
605 1599 688 1660 inter
716 1605 831 1683 poetas
854 1606 885 1660 ot
906 1619 1023 1681 prosae
1044 1598 1220 1684 scriptores
1238 1599 1383 1665 obtineat

271 1698 463 1784 Euripidae,
492 1697 534 1761 ah
559 1719 596 1762 eo
625 1696 754 1783 quidem
781 1695 987 1782 potissimum
1016 1697 1091 1783 capi
1113 1697 1284 1764 exordium
1303 1698 1383 1762 mihi

271 1797 409 1879 videtur,
431 1798 479 1862 ita
492 1815 581 1879 vero,
604 1805 639 1860 ut
652 1794 848 1882 reliquorum
863 1794 1058 1880 scriptorum
1073 1795 1177 1882 qualis
1193 1799 1235 1862 sit
1252 1797 1383 1863 dicendi

272 1917 360 1978 usus,
383 1905 533 1961 accurate
556 1917 683 1981 semper
705 1900 955 1980 perscrutemur.

762 2043 862 2124 ss.

354 2143 666 2262 Frequentissimum
687 2176 786 2240 fuisse
808 2175 1028 2240 accusativum
1050 2174 1178 2262 objecti,
1200 2178 1286 2266 quod
1306 2178 1382 2244 dici·

273 2287 335 2360 tur,
356 2278 520 2342 interioris
540 2298 606 2340 non
628 2273 731 2340 solum
751 2273 840 2361 apud
862 2282 986 2360 poetas,
1009 2276 1157 2357 quamvis
1179 2277 1320 2364 plurima
1338 2277 1384 2342 ibi

272 2387 402 2441 exstent
423 2374 584 2462 exempla,
606 2375 829 2438 verumetiam
845 2372 934 2459 apud
949 2371 1163 2461 philosophos
1177 2384 1384 2464 oratoresque

272 2485 304 2540 et
324 2498 432 2540 rerum
461 2475 637 2561 scriptores
667 2495 739 2536 cum
769 2495 808 2538 ea
834 2471 1074 2555 demonstrant,
1107 2496 1190 2558 quae
1222 2485 1335 2562 patent
1365 2499 1384 2540 c

198 2603 203 2618 ·
271 2575 416 2640 virorum
440 2573 608 2638 doctorum
630 2572 670 2636 de
691 2571 756 2636 bac
779 2593 815 2636 re
841 2571 1088 2655 quaestionibus
1109 2583 1206 2660 atque
1228 2573 1384 2640 collectio-

271 2673 383 2749 nibus,
419 2686 487 2738 tum
513 2673 656 2738 infinitus
687 2669 807 2758 probat
836 2669 1059 2756 exemplorum
1085 2695 1249 2756 numerus,
1288 2697 1384 2762 quem

272 2772 366 2837 affert
399 2771 586 2864 Lobeckius
621 2772 655 2834 in
688 2779 805 2834 octava
839 2769 1114 2856 Paralipomenon
1147 2771 1382 2856 dissertatione,

272 2894 370 2957 quam
390 2871 559 2958 inscripsit
581 2869 621 2934 de
642 2869 749 2955 figura
772 2868 995 2956 etymologica.
1028 2869 1154 2935 Partim
1168 2880 1286 2954 autem,
1309 2895 1382 2937 cum

271 2969 353 3036 haec
373 2969 479 3056 figura
499 2971 627 3035 nonnisi
647 2969 690 3033 ad
711 2968 881 3034 formalem
901 2959 1050 3054 (ridearis)
1081 2969 1256 3036 verborum
1280 2973 1382 3036 nomi·

271 3091 411 3157 numque
442 3077 652 3154 cognatorum
674 3069 930 3156 conjunctionem
956 3068 1127 3154 respiciat,
1156 3069 1316 3158 objectum
1336 3072 1382 3135 in·

272 3170 374 3234 terius
397 3191 438 3233 ex
460 3179 554 3255 parte
567 3176 691 3232 tantum
711 3166 772 3233 sub
795 3168 864 3255 ejus
878 3167 1036 3232 rationem
1051 3167 1154 3250 cadit3
1177 3170 1295 3255 partim
1310 3168 1382 3252 hoc,

272 3270 348 3355 quia
369 3268 479 3354 stirpis
498 3268 695 3352 cognatione
717 3267 848 3332 minime
869 3273 1045 3348 coercetur,
1066 3267 1146 3332 fines
1167 3267 1293 3353 figurae
1314 3277 1381 3355 ety-

271 3366 451 3452 mologicae
479 3369 670 3432 constitutos
704 3365 801 3451 longe
829 3363 1002 3450 egreditur.
1059 3366 1102 3430 Et
1128 3367 1224 3454 hujus
1252 3367 1382 3455 quidem

169 3505 171 3512 ·
271 3464 485 3552 explicandae
506 3467 589 3530 ratio
618 3474 728 3530 exstat
749 3463 943 3550 simplicior,
972 3487 1124 3551 magnam
1149 3467 1236 3530 enim
1255 3477 1381 3553 partem

271 3567 452 3651 imperante
472 3566 546 3651 ipsa
565 3564 695 3650 linguae
716 3572 835 3629 natura
857 3562 1044 3629 adhibetur:
1067 3564 1185 3653 objecti
1199 3577 1312 3631 contra
1334 3568 1379 3631 in·

271 3665 399 3728 terioris
420 3687 514 3729 usum
535 3665 572 3745 si,
595 3685 693 3748 quam
712 3664 808 3750 longe
829 3663 957 3748 lateque
978 3685 1038 3750 per
1057 3663 1201 3750 linguam
1218 3663 1380 3730 Graecam

272 3761 457 3848 divulgatus
478 3764 529 3846 sit,
551 3772 743 3848 spectamus,
763 3770 887 3830 tantum
907 3761 1008 3846 abest,
1032 3771 1066 3828 ut
1087 3786 1128 3828 ex
1149 3761 1213 3828 levi
1237 3763 1293 3830 illa
1311 3775 1380 3829 tan-

270 3871 339 3927 tum
359 3884 473 3946 causa,
499 3884 583 3950 quae
608 3885 685 3928 sanc
707 3862 751 3928 ad
778 3860 991 3928 excolendum
1018 3885 1090 3928 cum
1118 3861 1241 3950 aliquid
1268 3863 1379 3945 valuit,

270 3969 357 4030 totus
379 3964 519 4050 potuerit
540 3984 707 4045 emanare,
732 3971 768 4028 ut
787 3962 921 4048 gravior
942 3961 972 4026 ei
993 3962 1084 4048 origo
1113 3961 1155 4028 sit
1182 3961 1375 4052 quaerenda
