3150 4562
798 297 839 357 24

259 499 333 540 nem
355 475 512 540 fundendi
536 473 668 540 denotat
675 523 684 558 ,
705 466 799 552 χύσις
829 483 958 558 eontra,
992 475 1125 561 proprie
1147 474 1260 558 ,fusio‘‚
1288 475 1376 541 illius

262 574 532 661 significationem
550 572 714 638 interdum
736 575 864 661 aeoipit.
906 573 1088 659 Aeschylus
1109 583 1280 662 utrumque
1302 574 1375 641 sub-

262 675 438 738 stantivum
460 675 533 760 pari
554 673 649 739 modo
672 673 821 738 adhibet:
849 673 994 760 Ohoeph.
1016 679 1064 741 87.
1084 669 1166 750 χοὰς
1185 669 1260 752 χέω.
1295 674 1374 739 ibid.

261 778 309 837 97.
346 767 485 850 ἐκχέασα
514 766 661 853 γάποτον
690 765 791 850 χύσιν.
834 771 930 837 Hom.
964 771 1026 836 Od.
1060 778 1113 854 10,
1135 779 1206 842 518.
1245 781 1297 857 11,
1326 779 1375 840 26.

262 870 343 936 Oed.
366 869 437 937 (iol.
458 877 528 938 477.

342 966 442 1056 χοὴν
462 964 667 1036 σπένδειν.

344 1069 451 1135 Orest.
475 1075 562 1137 1314.
585 1057 612 1132 oi
634 1061 791 1150 παρθέν’,
820 1063 911 1154 ἥκεις
930 1065 988 1131 τὸν
1011 1063 1300 1156 Κλυταιμνήστρας
1319 1067 1378 1132 νά-

263 1189 328 1252 φον
350 1165 502 1254 στέψασα
524 1165 581 1232 καί
602 1161 767 1232 σπείσασα
790 1163 951 1249 νερτέροις
967 1163 1066 1246 χοάς,·
1087 1168 1166 1235 ibid.
1190 1175 1277 1238 1188.
1297 1164 1379 1248 χοὰς

263 1259 522 1331 καιασπείσοασ’
546 1262 628 1349 ὑπὲρ
648 1263 771 1352 μητρὸς
791 1260 910 1353 τάφου.

346 1364 532 1452 σπονδὴν
555 1359 719 1448 λείβειν.

346 1466 415 1531 Ion.
445 1471 531 1534 1038.
573 1459 716 1528 δείπνων
747 1460 826 1530 ὅταν
857 1459 981 1552 λήγωσι
1013 1462 1070 1530 καὶ
1103 1460 1251 1539 σπονδὰς
1282 1464 1380 1542 θεοῖς

262 1558 411 1644 μέλλωσι
433 1559 566 1647 λείβειν.
589 1566 629 1632 of.
650 1565 765 1632 Aesoh.
787 1565 882 1631 Eum.
905 1573 953 1632 54.
977 1558 1056 1649 λίβα
1077 1559 1211 1648 λείβειν.

776 1819 797 1898 s
821 1823 867 1884 ιο.

350 1963 489 2028 Nomina
505 1987 522 2028 e
542 1964 653 2030 verbis
676 1964 814 2048 dicendi,
834 1964 1005 2047 clamandi,
1020 1963 1229 2044 lamentandi,
1242 1962 1378 2027 canendi

267 2061 426 2128 similibus
448 2063 624 2149 'pendentia
645 2087 746 2152 usque
769 2073 825 2130 aut
846 2065 948 2151 stirpe
976 2073 1030 2127 eut
1062 2063 1297 2148 significatione
1328 2085 1377 2127 oo·

266 2173 367 2248 gnata
388 2171 455 2226 tum
478 2174 611 2249 propter
641 2187 751 2230 eorum
782 2165 866 2228 inter
889 2187 923 2228 se
955 2163 1144 2228 affinitatem
1177 2163 1380 2247 notionisque

268 2260 529 2346 similitudinem,
559 2273 626 2328 tum
648 2287 687 2329 ea
709 2265 750 2328 de
771 2286 888 2347 eausa,
920 2263 1005 2348 quod
1036 2262 1190 2350 pleraque
1216 2283 1326 2327 eorum
1349 2271 1381 2326 et

268 2362 428 2425 sotionem
461 2371 494 2426 et
526 2364 664 2428 aetionis
697 2363 844 2428 effectum
874 2363 1074 2447 significant,
1107 2385 1170 2426 uno
1203 2361 1379 2448 eodemque

268 2461 377 2547 capite
398 2462 630 2547 pertractanda
654 2462 734 2527 mihi
762 2463 834 2527 visa
856 2470 939 2528 sunt.
982 2460 1032 2526 Ao
1060 2460 1100 2525 de
1119 2461 1229 2547 priore
1251 2461 1382 2549 quidem

268 2579 367 2623 oausa
389 2559 560 2626 dicendum
583 2571 632 2626 est
659 2571 773 2648 poetas
795 2562 937 2647 tragicos
957 2597 999 2608 -
1019 2561 1169 2647 inprimis
1188 2560 1381 2648 Euripidem

269 2658 492 2744 -ejusmodi
523 2661 728 2726 substantiva
756 2683 828 2726 oum
856 2660 966 2725 verbis
997 2657 1154 2724 similibus
1175 2659 1222 2723 ita
1251 2662 1382 2748 conjun-

268 2779 346 2842 gere
370 2757 481 2824 solitos
498 2783 579 2843 esse,
593 2771 629 2825 ut
648 2759 871 2848 permutandis
886 2760 996 2824 verbis
1016 2757 1262 2844 nominibusque
1283 2761 1381 2846 signi·

268 2856 418 2922 litatione
439 2858 514 2945 plus
542 2856 691 2926 minusve
720 2859 860 2924 diversis
891 2881 987 2944 quam
1019 2859 1197 2922 maximam
1230 2857 1382 2924 dictionis

267 2957 458 3022 varietatem
487 2960 676 3024 affectarent
703 2960 932 3044 notionumque
962 2958 1116 3022 transitus
1139 2957 1294 3022 siminus
1323 2957 1382 3021 tol·

267 3055 379 3138 lerent,
401 3057 636 3144 quodammodo
656 3068 765 3123 tamen
786 3057 952 3122 diluerent.
994 3055 1074 3120 Inde
1095 3055 1285 3121 audaciores
1307 3055 1382 3119 illae

268 3155 498 3222 vocabulorum
521 3159 764 3244 conjunctiones
786 3159 943 3240 exierunt,
964 3155 1053 3220 velut
1072 3155 1148 3220 hae:
1170 3152 1252 3239 βοὴν
1274 3145 1378 3239 ᾄδειν,

267 3257 395 3319 παιᾶνα
417 3249 599 3335 στενάζειν,
631 3251 711 3340 γόον
739 3249 843 3336 ἰαχεῖν
864 3256 956 3322 aliae.
998 3254 1053 3320 Ad
1084 3254 1217 3320 alteram
1250 3273 1382 3318 oausam

268 3354 355 3442 quod
377 3357 500 3439 attinet,
518 3356 650 3423 dubium
671 3379 742 3422 esse
764 3357 884 3443 nequit,
907 3377 979 3420 oum
1002 3354 1238 3420 substantivum
1260 3344 1329 3438 ᾠδή
1352 3363 1384 3418 et

269 3464 398 3519 cantum
419 3455 448 3521 h.
473 3479 500 3521 e.
522 3456 659 3521 canendi
681 3457 855 3538 actionem,
887 3465 919 3520 et
940 3477 1070 3520 carmen
1100 3451 1274 3540 significet,
1305 3453 1383 3540 quin

268 3543 380 3618 verbis
402 3551 505 3643 καλὴν
527 3546 615 3642 ᾠδὴν
637 3547 707 3642 ᾄδω
722 3565 861 3643 utraque
876 3556 964 3620 notio
980 3555 1087 3619 inesse
1109 3553 1221 3638 possit,
1236 3557 1271 3615 ut
1285 3551 1381 3617 modo

269 3652 452 3738 significent
484 3678 637 3739 „carmen
668 3655 840 3742 pulchrum
867 3655 980 3737 oano“,
1011 3652 1107 3718 modo
1136 3659 1285 3734 „uantum
1314 3650 1382 3738 pul-

211 3819 212 3824 ,
269 3752 380 3818 chrum
403 3754 484 3820 ed0“
505 3755 535 3821 h.
552 3778 578 3820 e.
593 3755 726 3842 pulohre
749 3777 838 3820 oeno.
874 3752 970 3834 Quod
985 3775 1057 3819 oum
1072 3774 1138 3817 non
1158 3773 1286 3838 semper
1301 3750 1382 3816 adeo

268 3850 363 3917 focile
383 3854 583 3942 intelligatur
598 3863 631 3920 et
644 3854 805 3921 interdum
826 3863 998 3942 utrumque
1019 3852 1123 3938 possit
1144 3849 1284 3934 defendi,
1307 3871 1380 3914 oon-

262 3953 440 4040 jungsndis
461 3955 552 4038 locis,
575 3955 629 4041 qui
650 3955 712 4020 huo
735 3963 891 4042 spectant,
911 3951 1024 4018 melius
1045 3973 1144 4038 quam
1165 3947 1382 4029 seoernendis‚
