3150 4562
728 1141 797 1220 §¹-

293 1287 426 1354 Summa
462 1287 608 1352 discendi
636 1288 814 1376 cupiditate
848 1309 921 1352 cum
952 1286 1093 1373 primum
1129 1283 1316 1371 Euripideis

211 1385 325 1452 studiis
355 1411 406 1452 me
434 1386 586 1452 dederem
613 1409 673 1452 nec
700 1387 805 1450 minus
833 1387 988 1452 orationis
1023 1385 1182 1450 suavitate
1219 1393 1317 1470 atque

209 1485 449 1571 pulchritudine
486 1509 583 1573 quarn
617 1485 792 1561 fructibus,
829 1487 884 1572 qui
914 1507 956 1550 ex
983 1483 1116 1548 assidua
1143 1484 1213 1570 ejus
1244 1505 1317 1547 cum

210 1585 325 1648 ceteris
353 1585 565 1672 scriptoribus
588 1585 723 1652 Graecis
750 1586 992 1671 comparatione
1019 1584 1147 1670 percipi
1175 1595 1316 1669 possent,

209 1682 397 1766 delectarer,
419 1684 475 1750 uhi
497 1686 614 1771 tragici
634 1684 720 1750 illius
741 1683 870 1750 dicendi
891 1706 993 1770 genus
1014 1705 1057 1748 ex
1073 1691 1167 1768 parte
1185 1679 1316 1768 quidem

208 1791 350 1848 tractare
372 1785 406 1848 in
428 1785 570 1850 animum
591 1785 695 1866 venit,
719 1784 897 1848 accusativi
919 1782 1007 1870 apud
1029 1805 1102 1847 eum
1123 1804 1216 1846 usum
1237 1780 1317 1844 mihi

208 1881 471 1968 perlustrandum
493 1883 665 1970 proposui:
697 1905 773 1948 mox
792 1892 901 1948 tamen
921 1904 1003 1968 opus
1025 1880 1220 1967 aggrediens
1243 1901 1316 1943 cum

208 1982 329 2067 incepti
351 1980 507 2046 ambitum
528 1982 624 2047 latius
646 1991 759 2070 patere
780 1981 1003 2068 intelligerem,
1025 2003 1124 2068 quam
1138 1981 1193 2067 qui
1208 1977 1316 2044 libello

210 2089 319 2166 posset
341 2079 494 2164 cohiberi,
516 2082 613 2145 etiam
628 2080 868 2166 angustioribus
883 2103 952 2144 rem
970 2079 1088 2144 finibus
1105 2077 1317 2144 coercendam

210 2201 280 2243 esse
301 2201 492 2265 persuasum
513 2179 620 2246 habui.
656 2179 701 2244 Et
721 2179 756 2244 id
778 2179 906 2266 quidem
921 2179 1107 2243 'accusativi
1124 2199 1226 2262 genus
1250 2198 1317 2240 ma·

208 2278 289 2342 ximi
310 2281 461 2345 momenti
491 2301 562 2345 esse
581 2281 687 2345 visum
707 2287 771 2358 est,
806 2278 893 2366 quod
921 2287 1053 2343 nostrae
1074 2276 1190 2342 aetatis
1210 2298 1316 2361 gram·

210 2377 319 2442 matici
345 2377 505 2465 objectum
542 2379 677 2443 interius
691 2380 713 2456 1)
739 2400 859 2443 vocare
893 2376 1003 2442 solent.
1062 2375 1232 2440 Tractavit
1256 2373 1318 2439 hoe

95 2511 97 2514 ·
210 2473 315 2540 adhuc
329 2479 482 2564 temporis
495 2478 553 2542 La
571 2477 625 2544 Ro
634 2477 704 2542 che
715 2478 745 2554 2)
753 2527 762 2561 ‚
780 2476 824 2543 ed
834 2477 1012 2542 Homerum
1026 2483 1181 2563 quantum
1194 2474 1317 2556 attinet,

210 2574 424 2662 Sophocleum
446 2599 539 2641 usum
558 2576 799 2654 Wunder3),
822 2575 1050 2657 Kolster4),
1079 2572 1271 2639 Schwarz
1287 2575 1317 2650 5)
1382 2605 1389 2622 ·

208 2673 400 2740 disseruere.
431 2675 511 2742 Cum
536 2699 614 2742 vero
636 2676 784 2742 Wunder
806 2685 838 2741 et
854 2675 995 2757 Kolster,
1018 2695 1211 2762 quamquam
1231 2680 1318 2736 cete-

207 2795 315 2838 rorum
345 2775 542 2860 tragicorum
569 2774 768 2840 Graecorum
796 2775 954 2839 rationem
982 2772 1118 2854 habent,
1145 2791 1248 2857 neque
1275 2769 1318 2834 ad

208 2872 292 2938 hanc
311 2895 380 2937 rem
403 2883 554 2940 accurate
576 2873 837 2960 perspiciendam
860 2872 1037 2949 sufficiant,
1066 2893 1170 2958 neque
1188 2869 1317 2934 omnino

207 2973 263 3055 ita,
284 2982 319 3036 ut
341 2972 448 3056 decet,
479 2995 550 3038 eam
573 2972 781 3038 considerare
801 2973 881 3038 mihi
911 2971 1099 3053 videantur,
1125 2967 1317 3054 Euripidem

209 3069 337 3153 eodem,
372 3094 435 3158 quo
461 3071 507 3136 illi
535 3071 745 3158 Sophoclem,
780 3071 914 3137 consilio
945 3093 1041 3156 quam
1072 3067 1318 3154 diligentissime

208 3191 398 3257 percurrere
419 3193 485 3236 non
505 3171 600 3236 modo
622 3193 688 3236 non
709 3172 846 3236 otiosum
867 3168 977 3250 habui,
998 3168 1229 3232 verumetiam
1251 3188 1317 3230 om·

207 3293 279 3334 nem
303 3268 344 3334 de
370 3268 495 3356 objecto
523 3271 676 3335 interiore
706 3269 967 3335 dissertationem
994 3267 1035 3332 ab
1063 3266 1119 3332 illo
1148 3265 1317 3352 aptissime

208 3370 368 3454 originem
390 3368 515 3434 ducere.
553 3369 629 3434 Sive
650 3371 823 3436 enimcum
837 3365 999 3453 Aeschylo
1021 3376 1054 3430 et
1069 3363 1228 3453 Sophocle
1244 3385 1316 3428 eum

209 3489 451 3555 comparamus,
474 3491 608 3556 quorum
631 3469 712 3536 alter
733 3479 803 3534 tum
824 3467 962 3533 elatione
982 3466 1121 3552 ingenii,
1149 3473 1224 3557 tum,
1246 3483 1317 3526 ora·
1413 3505 1417 3512 -

210 3609 325 3616 —...--—-

276 3653 302 3719 1)
326 3609 533 3719 &Gemina
551 3649 750 3723 Schulgrsmm.
768 3658 783 3718 ξ
798 3654 856 3706 395.

274 3905 290 3955 4
309 3901 475 3978 ⁴Kolster,
494 3901 543 3955 das
560 3901 656 3956 innere
673 3900 775 3972 Object
791 3904 816 3958 b.
835 3901 918 3972 Soph.
940 3900 1050 3953 ltnehoe
1069 3901 1141 3954 1858.

274 3987 301 4056 5)
325 3985 493 4056 Schwsrz,
511 3985 538 4041 d.
556 3987 656 4042 Aecus.
675 3987 723 4041 des
737 3985 843 4042 Inhalts
861 3987 888 4042 b.
907 3985 990 4056 Scph,
1009 3983 1106 4053 Progr.
1124 3983 1223 4038 Weim.
1244 3983 1318 4036 1863.
