3150 4562
175 522 351 609 pariantur,
374 523 597 580 11111111111
619 536 755 601 usquam
781 515 1026 600 conjungantur,
1048 509 1134 575 unde
1156 507 1287 574 duxerit

175 628 272 707 poeta
304 617 389 680 hano
423 611 607 700 analogiam
640 609 703 677 non
732 611 884 698 intelligo.
954 609 1081 675 Deinde
1109 631 1186 674 vero
1214 607 1286 673 sub-

175 719 318 784 stantiva
349 715 587 796 diversissima,
621 709 810 795 dummodo,
845 712 1014 799 disjunctis
1048 709 1170 774 seilicet
1197 707 1287 789 loeis,

175 817 281 882 eidem
303 813 402 879 verbo
431 813 666 900 adjungantur,
696 811 765 874 sine
787 811 852 876 ullo
877 811 1063 875 discrimine
1091 806 1287 874 eonfundun-

176 928 237 982 tur.
281 915 366 978 Num
388 915 443 996 ita,
466 935 597 999 quaeso,
613 911 865 976 construetiones
887 910 999 984 hasoe;
1021 900 1113 992 ἀράς,
1135 904 1289 992 planaq-

176 1008 267 1096 μίαν,
292 1006 382 1099 βοήν,
408 1005 517 1095 γόους,
535 1006 722 1090 θέσπισμα,
740 1003 868 1091 λόγους,
887 999 1051 1089 ὀδυρμοὺς
1074 1002 1290 1094 φθέγγεσθαι

179 1112 430 1200 explicabimus,
463 1120 500 1176 ut
520 1110 563 1176 ad
589 1111 730 1196 priorem
758 1107 859 1174 hano:
891 1104 1030 1194 φθέγμα
1061 1102 1288 1195 φθέγγεσθαι,

180 1235 263 1300 quae
284 1234 441 1299 nusquam
462 1209 590 1295 legitur,
613 1217 744 1274 cunetas
766 1207 983 1273 reducamus?

689 1345 709 1423 1
735 1351 779 1406 11.

262 1459 432 1547 Sequitur,
461 1465 496 1522 11
523 1458 566 1524 de
594 1459 680 1523 veris
709 1457 846 1522 aetionis
874 1456 1058 1520 nominibus
1083 1457 1291 1522 disseramus.

183 1559 231 1622 Ao
259 1561 401 1645 primum
430 1557 558 1643 quidem
587 1579 626 1621 11
652 1557 745 1622 nobis
776 1555 948 1620 tractanda
977 1565 1065 1638 sunt,
1098 1555 1214 1643 quibus
1237 1565 1293 1619 aut

181 1667 283 1722 motus
312 1665 369 1719 aut
398 1666 499 1722 status
533 1658 623 1721 notio
653 1660 749 1720 inest:
782 1655 980 1742 respondent
1011 1657 1095 1718 enim
1123 1656 1178 1734 iis,
1211 1676 1293 1740 quae

181 1755 391 1842 paragrapho
415 1755 563 1840 septima,
585 1755 641 1818 ubi
664 1756 704 1819 de
725 1753 907 1820 nominibus
931 1755 1035 1818 effecti
1058 1756 1193 1840 egimus,
1219 1777 1292 1840 pag.

184 1861 234 1921 17.
254 1855 522 1919 enumeravimus.
564 1851 733 1919 Accedunt
759 1853 912 1918 nonnulla
937 1853 1141 1918 substantiva
1162 1855 1294 1940 proprie

183 1962 353 2035 11111111,
386 1974 469 2040 quae
498 1973 556 2038 per
589 1955 818 2040 metonymiam
852 1953 1014 2040 quandam
1045 1954 1207 2018 notionem
1239 1951 1294 2016 ab·

184 2061 339 2116 structam
362 2061 566 2137 acceperunt,
589 2046 794 2128 1111111111ός,
820 2049 909 2134 ἕδρα,
935 2053 1053 2127 sanos.

268 2149 452 2215 Discrimen
481 2159 588 2214 autem
615 2151 676 2216 hoo
702 2150 772 2216 loeo
806 2151 986 2216 faciendum
1017 2161 1065 2216 est
1090 2154 1173 2216 inter
1194 2151 1297 2217 verba

185 2250 357 2315 transitiva
382 2257 414 2314 11
440 2250 654 2316 intransitiva.
696 2249 836 2315 Nomina
863 2253 948 2314 enim
976 2273 996 2314 a
1017 2251 1126 2316 verbis
1154 2251 1303 2315 11111111--

186 2348 237 2410 vis
260 2348 451 2431 1111111111
472 2351 652 2414 transitivis
674 2351 742 2414 sive
763 2351 977 2414 intransitivis
998 2350 1107 2415 verbis
1123 2349 1295 2431 adduntur,

185 2467 321 2532 semper,
342 2449 483 2531 nomina,
508 2469 590 2534 quae
611 2471 631 2513 a
652 2447 761 2516 verbis
790 2449 1125 2530 1111111111111111111
1147 2459 1220 2514 sunt
1241 2458 1298 2514 aut

186 2545 226 2608 iis
247 2547 450 2632 respondent,
471 2549 519 2612 ita
540 2557 674 2632 1111111,
696 2558 733 2614 11
752 2548 861 2614 verbis
882 2550 1096 2614 intransitivis
1118 2547 1296 2636 adjungan-

188 2653 250 2725 tur,
272 2643 398 2730 0bjeota
420 2657 494 2710 sunt
514 2648 676 2713 interiora.
720 2648 845 2731 Verba,
868 2635 960 2736 quae
973 2649 1069 2713 modo
1091 2650 1298 2712 intransitiva

188 2741 284 2807 modo
312 2746 483 2809 transitiva
509 2756 723 2833 usurpantur,
755 2749 783 2811 si
803 2769 876 2812 curn
896 2749 991 2834 hujus
1013 2749 1141 2833 generis
1163 2748 1297 2812 nomini·

188 2841 250 2906 bus
284 2843 539 2928 conjunguntur,
571 2854 678 2910 utrum
700 2845 762 2910 1111
789 2858 958 2911 recurrant
982 2869 1101 2929 neone,
1136 2847 1170 2910 in
1199 2845 1298 2910 dubio
1349 2840 1352 2846 ’

188 2940 374 3026 relinquunt
392 2943 442 3021 ²⁶).
484 2943 523 3008 Id
549 2967 649 3010 unum
676 2945 905 3032 excipiendum
932 2955 998 3028 est,
1026 2945 1112 3032 quod
1138 2945 1299 3031 objectum

190 3040 291 3105 verbo
313 3041 518 3108 intransitivo
541 3043 752 3130 respondens,
771 3046 943 3110 transitivo
965 3043 1127 3127 additum,
1150 3046 1178 3108 si
1198 3043 1299 3109 verbo

190 3139 326 3204 alterum
350 3138 512 3226 objectum
533 3142 728 3230 adjungitur,
751 3165 879 3230 semper
902 3151 951 3208 est
973 3145 1109 3208 interius
1124 3144 1197 3222 ²⁷).-

272 3230 418 3324 Ιἤλυσιν
438 3233 609 3321 βαίνειν.

201 3391 204 3398 .
272 3338 392 3403 Phoen.
412 3344 481 3406 847.
522 3335 568 3416 ὡς
588 3337 670 3422 ἐμὸν
691 3335 810 3422 κάμνει
841 3337 931 3424 γόνυ,
965 3337 1089 3427 πυκνὴν
1118 3335 1155 3404 δὲ
1176 3333 1300 3422 βαίνων

191 3422 304 3517 ἤλυσιν
323 3431 424 3517 μόλις
444 3441 545 3520 περῶ.

193 3553 400 3568 -ἣ--ι

262 3586 302 3652 26)
319 3593 431 3658 κίνησιν
447 3593 537 3643 κινεῖν

322 3675 432 3740 κίνησιν
449 3673 521 3728 ἰέναι
566 3601 582 3804 ²
604 3671 704 3743 object.
723 3672 803 3730 inter.

322 3754 391 3810 ὁδὸν
410 3758 483 3811 ἰέναι

322 3835 391 3892 ὁδὸν
408 3847 497 3896 κινεῖν
514 3882 520 3895 .
537 3883 543 3895 .
562 3839 618 3910 obj.
638 3843 721 3894 exter.

325 3916 569 3979 botronatum.
588 3965 594 3978 .
612 3923 676 3978 dub.
696 3923 752 3993 obj.

263 4003 304 4069 27)
323 4002 410 4057 velut:
428 4011 497 4062 κινιῦ
515 4021 547 4062 σε
564 4006 640 4062 ὁδόν.
