3150 4562
284 523 608 616 θρσις-κελαόὴσω.
651 531 811 594 παιᾶνα
847 524 1106 616 ἐπευφημεῖν
1134 527 1205 616 Iph.
1240 528 1277 593 T.
1310 535 1397 597 1371.

286 633 403 692 ναῦται
426 623 457 692 d’
484 624 720 718 ἐπευφήμησαν
749 621 896 708 εὐχαῖσιν
927 624 1026 715 κόρης
1054 631 1193 692 παιοῖνα.
1237 629 1419 716 παιᾶνα,

286 723 497 807 στενάζειν
519 729 637 794 '1¹r0ad.
656 734 725 796 580.
747 722 780 791 τί
800 720 915 792 ποιεῖν’
940 725 1020 810 ε’μὸν
1042 723 1223 806 στενόζειςς
1244 728 1399 809 μοῦσαν

286 823 428 910 ὑμνεῖν
447 828 518 916 Iph.
541 829 578 893 Τ.
605 835 671 898 184.
691 825 752 891 τὰν
778 824 812 892 ἓν
834 822 1010 914 θρήνοισιν
1030 830 1168 910 μοῦσαν,
1190 823 1251 889 τὰν
1272 863 1314 876 -
1328 822 1399 891 ‘'At-

287 926 348 1004 ὄας
382 923 484 1008 ὑμνεῖ.
552 931 710 1009 μοῦσαν
743 925 982 1010 μέλπεσθαι
1028 927 1149 993 Phoen.
1185 931 1254 994 788.
1291 925 1398 991 λωτοῦ

285 1022 563 1108 nordmutham
593 1022 715 1108 μέλπει
745 1029 881 1146 μοῖσαγ
924 1021 1119 1109 ὑμέναιον
1146 1029 1247 1110 βοοῖν
1277 1027 1397 1092 Troad

286 1133 354 1196 336.
376 1121 744 1208 βοᾶτετὸνὺμέναισν.
786 1121 988 1207 ὑμέναιον
1017 1121 1202 1210 συρίζειν
1228 1126 1299 1192 Alc.
1329 1133 1398 1195 591.

286 1219 828 1308 συριζωνποιμνίταςὺμεναίους.
870 1221 1108 1309 στεναγμόν,
1134 1220 1244 1310 γόον,
1277 1218 1394 1313 ᾠδήν,

284 1322 411 1410 χορὸν
442 1315 574 1402 ἰαχεῖν
606 1325 703 1391 Herc.
722 1327 760 1390 F.
786 1334 863 1394 1014
896 1349 964 1414 sqq
1001 1321 1058 1402 ε’ς-
1040 1319 1138 1389 -τίνα
1167 1323 1348 1409 στεναγμὸν
1378 1318 1398 1413 ἢ

285 1419 364 1508 γόον
386 1417 406 1508 ἢ
430 1427 600 1510 φθιτιόν
584 1416 717 1488 ‹lddv‘
698 1450 716 1512 η
737 1421 794 1489 τὸν
808 1419 907 1488 Ἀιόα
927 1422 1026 1541 χορὸν
1048 1418 1188 1511 ῖαχίσως

370 1524 475 1604 Quem
496 1525 718 1612 exemplorum
749 1548 919 1590 numerum
942 1528 969 1590 si
993 1525 1244 1608 consideramus,
1265 1523 1396 1610 Euripi—

286 1624 359 1688 dem
382 1624 495 1688 talium
518 1627 778 1712 conjunctionum
799 1649 892 1691 usum
911 1613 1057 1690 ¹manime
1085 1624 1265 1690 excoluisse
1294 1645 1396 1710 appa-

286 1733 343 1788 ret.
386 1724 552 1788 Varietate
582 1733 688 1788 autem
717 1725 915 1812 Aeschylum
944 1735 976 1790 et
998 1723 1190 1811 Sophoclem
1218 1722 1395 1788 multosu-

287 1824 425 1911 paravit,
460 1821 612 1908 aequavit
643 1823 789 1888 audacia.
834 1825 931 1905 Quod
951 1833 1042 1912 patet
1063 1847 1104 1888 ex
1125 1845 1235 1890 eorum
1267 1846 1395 1910 compa·

286 1924 419 2007 ratione.
461 1921 506 1985 Et
529 1922 705 2008 Sophocles
727 1925 856 2010 quidem
878 1926 1046 2012 conjungit
1066 1920 1184 2005 μέλος,
1209 1914 1288 1999 dria,
1312 1915 1395 1986 λωὰν

285 2024 385 2105 βοᾶν,
428 2018 511 2108 βοὴν
545 2015 727 2099 θιυὺσσειν,
765 2017 927 2100 κιοκυτόν,
963 2019 1060 2108 γόους
1092 2016 1196 2111 ἠχεῖν,
1227 2013 1394 2104 ὀδύρματα

286 2123 445 2205 γοᾶσθαι,
470 2112 559 2205 ηῖόὰς
580 2123 724 2207 θρηνεῖν,
748 2117 844 2204 γόους
868 2119 1030 2209 δακρύειν,
1048 2117 1163 2187 στόνον
1184 2113 1393 2196 ἀποκλαίειν,

286 2214 441 2308 φθόγγον
463 2212 685 2299 ἄνακωκίειν,
708 2219 793 2304 βοὰς
816 2214 1072 2307 όπορροιβὸεῖν,
1096 2221 1296 2310 Aeschylus:
1318 2213 1397 2287 όλο-

286 2317 409 2404 λυγμὸν
443 2314 593 2397 λόσκειν,
629 2321 744 2408 Agam.
767 2328 843 2405 595,
875 2324 1001 2409 θρῆνον
1033 2317 1194 2408 ὑμνῳδεῖν
1225 2322 1302 2388 ibid.
1326 2327 1397 2405 990,

285 2416 388 2501 ὑμνον
408 2413 520 2501 ὑμνεῖν
541 2421 618 2485 ibid.
642 2428 735 2503 1474,
767 2415 916 2484 ἐπινίκια
946 2417 1080 2500 κλόζειν
1107 2422 1186 2490 ibid.
1212 2429 1284 2506 174,
1318 2415 1398 2504 γόον

285 2516 427 2602 μέλπειν
447 2519 525 2586 ibid.
543 2527 632 2604 1246,
655 2521 785 2583 παιᾶνα
808 2516 1018 2599 ἐξαυόᾶσθαι
1041 2521 1183 2608 Choeph.
1201 2529 1266 2602 151,
1287 2509 1398 2584 οἶκτον

287 2613 494 2698 οἰκτίζεσθαι
515 2620 610 2684 Eum.
632 2627 707 2703 515,
736 2622 865 2684 παιᾶνα
888 2615 1044 2708 ἐφυμνεῖν
1064 2622 1153 2686 Pers.
1175 2629 1245 2705 393,
1277 2615 1399 2702 ὑμνους

287 2714 491 2804 ἐπευφημεῖν
521 2719 690 2802 1616629,
718 2715 821 2802 μέλος
842 2712 944 2798 ῖόζειν
972 2719 1050 2787 ibid.
1076 2728 1162 2788 1042.
1192 2720 1305 2808 Suppl.
1326 2724 1397 2802 808,
1446 2779 1457 2802 ,

285 2814 367 2903 βοὴν
388 2810 488 2895 ῖύζειν
510 2815 621 2904 Suppl.
635 2824 705 2902 272,
727 2814 805 2902 γόον
827 2814 964 2902 κλόγξαι
985 2821 1063 2886 ibid.
1085 2827 1155 2903 948,
1176 2815 1278 2901 ὑμνον
1299 2812 1396 2906 ἠχεῖν,

286 2919 414 2980 παιᾶνα
445 2913 643 2999 ἐπιμέλπειν
666 2919 754 3006 Sept.
775 2925 834 2986 967
858 2943 935 3007 sqq.,
962 2916 1065 3001 μέλος
1092 2914 1270 3001 ὑμεναιοὺν
1290 2919 1397 2983 Prom.

286 3025 346 3085 555
372 3041 438 3106 sq.,
473 3008 645 3100 ὀδυρμούς,
685 3013 781 3101 γόους
812 3015 1023 3102 φθέγγεσθαι
1053 3020 1131 3085 ibid.
1160 3027 1198 3086 33
1222 3043 1284 3107 sq„
1318 3012 1397 3100 γόον

286 3119 420 3202 θρηνεῖν
441 3115 557 3182 Aesch.
579 3118 617 3183 fr.
639 3139 689 3204 ap.
711 3117 815 3183 Bekk.
839 3118 966 3185 Anekd.
988 3125 1058 3203 349,
1075 3127 1101 3185 7.
1143 3115 1245 3201 μέλος
1264 3111 1397 3194 κλόζειν

286 3217 390 3282 Orith.
411 3218 450 3281 fr.
473 3239 524 3302 ap.
545 3215 644 3280 Dind.
666 3222 734 3283 265.

367 3317 538 3400 Locorum,
559 3339 641 3404 quos
663 3339 762 3404 supra
782 3316 874 3381 attuli
892 3339 934 3383 ex
953 3317 1122 3406 Euripide,
1144 3320 1223 3384 satis
1244 3339 1396 3403 magnam

287 3427 411 3504 partem
434 3426 600 3482 enumerat
620 3415 806 3481 Wunderus
825 3417 845 3482 l.
868 3439 895 3482 c.
918 3439 992 3504 pag.
1016 3422 1054 3483 59
1079 3440 1146 3505 sqq.
1153 3467 1162 3502 ,
1184 3420 1230 3482 ita
1251 3439 1339 3500 vero,
1361 3425 1398 3482 ut

286 3518 581 3583 homoeosemorum
602 3515 776 3580 verborum
798 3517 1078 3604 conjunctionibus
1101 3539 1228 3604 semper
1251 3525 1396 3603 apponat

287 3619 387 3703 stirpe
406 3625 554 3701 cognata,
578 3617 670 3702 quasi
691 3615 772 3680 haec
792 3615 856 3681 illis
879 3616 1063 3703 analogiam
1086 3615 1305 3702 praebuerint.
1325 3616 1395 3680 Pri-

286 3739 374 3782 mum
396 3725 503 3782 autem
524 3715 637 3779 horum
661 3716 791 3802 quidem
813 3717 976 3803 permulta
995 3739 1099 3803 neque
1126 3717 1173 3780 ita
1198 3718 1396 3803 conjungun-

288 3827 354 3900 tur,
382 3839 442 3880 nec
463 3816 592 3881 omnino
615 3837 635 3878 a
657 3816 762 3900 poetis
791 3818 926 3903 tragicis
954 3825 1160 3902 usurpantur.
1201 3815 1328 3901 Pagina
1348 3819 1396 3882 63.

287 3915 441 4002 legimus:
462 3906 701 3997 ἆπορροιβόεῖν
721 3909 805 3996 βοός
825 3917 925 3981 nach
947 3911 1062 4002 ῥοῖζον
1077 3907 1200 3996 ῥοίζειν
1218 3911 1396 3998 (ῥοιζεῖνῖ).

287 4016 368 4082 Cum
391 4039 467 4081 vero
489 4011 599 4101 ῥοῖζος
618 4025 651 4079 et
671 4008 793 4099 ῥοίζειν
813 4039 917 4105 neque
939 4017 1026 4102 apud
1048 4023 1162 4101 poetas
1182 4017 1326 4101 tragicos
1347 4035 1395 4077 re·
