3150 4562
749 331 767 389 7

203 511 381 578 Maximam
402 511 437 575 in
457 510 518 576 hoc
538 511 604 575 vim
627 509 768 575 studium
783 509 937 576 habuisse
950 509 1078 576 videtur
1093 532 1130 576 eo
1145 512 1314 594 intentum,

204 619 239 674 ut
248 611 386 675 orationi
398 611 590 696 gravitas
603 609 802 697 quaedamst
813 610 1095 698 perspicuitas
1111 609 1315 676 tribueretur.

204 709 248 773 Et
270 709 350 774 haee
361 709 489 796 quidem
504 709 544 774 de
561 710 685 795 origine
698 732 783 773 nunc
794 707 963 792 sufficiant,
986 709 1103 798 quibus
1119 709 1213 796 plura
1231 709 1316 798 adji-

205 831 278 873 cere
299 807 438 881 alienum
461 809 554 874 duco.
595 809 742 894 Longius
763 809 849 872 enim
871 808 911 873 de
931 809 992 874 hac
1012 832 1050 874 re
1072 808 1115 874 ab
1137 810 1229 875 initio
1250 819 1314 874 sta-

204 907 262 972 tim
294 909 428 993 evagari
462 918 635 994 propterea
662 908 887 991 intermittam,
921 931 962 974 ne
991 908 1069 996 quid
1099 907 1314 997 praejudicati

204 1007 418 1072 transferatur
439 1008 474 1072 in
494 1008 600 1094 ipsam
622 1007 851 1094 quaestionem.

723 1192 796 1272 ss.

286 1322 355 1386 Iam
377 1344 451 1386 cum
474 1329 658 1408 quaeratur,
681 1343 746 1408 qua
766 1321 892 1386 ratione
912 1327 1013 1389 totum
1034 1318 1178 1386 locorum
1197 1344 1314 1407 agmen

204 1420 468 1508 pertractandum
492 1421 547 1502 sit,
581 1423 624 1502 ei,
657 1443 752 1508 quam
780 1420 984 1486 Schwarzius
1012 1419 1157 1496 adhibet,
1185 1423 1314 1502 rationi,

203 1521 354 1605 quoniam
378 1519 421 1583 ad
442 1519 636 1584 exteriorem
657 1527 799 1602 tantum,
822 1529 857 1584 ut
877 1521 924 1585 ita
944 1519 1059 1602 dicam,
1081 1518 1313 1584 vocabulorum

203 1619 461 1704 conjunctionem
496 1618 575 1683 mihi
613 1618 741 1683 videtur
775 1627 939 1704 spectare,
977 1639 1027 1681 me
1061 1621 1313 1706 opposueriml).

202 1717 235 1782 Is
257 1719 343 1782 enim
372 1716 474 1782 verba
505 1726 536 1781 et
561 1719 693 1783 nomina
721 1717 866 1804 ejusdem
892 1717 1044 1782 thematis
1073 1739 1094 1782 a
1123 1720 1313 1804 synonymis

203 1815 254 1881 vel
276 1816 510 1881 homoeoscmis
532 1816 703 1904 disjungit,
730 1815 819 1881 illam
846 1839 924 1882 vero
953 1817 1096 1902 priorem
1117 1827 1243 1903 partem
1266 1819 1314 1883 sie

203 1914 367 1998 describit,
389 1926 486 2002 prout
506 1917 740 1980 enuntiationes
763 1923 966 1981 constructae
988 1914 1237 2002 nominibusque
1256 1917 1312 1981 ad-

197 2015 321 2102 jectiva
342 2014 394 2078 vel
414 2014 607 2100 pronomina
630 2014 743 2079 addita
764 2023 821 2080 aut
840 2037 904 2080 non
919 2013 1042 2079 'addita
1072 2024 1152 2080 sunt.
1204 2015 1313 2095 Quare

204 2137 276 2177 cum
298 2137 363 2178 una
384 2113 560 2200 eademque
586 2113 817 2180 vocabulorum
848 2114 1043 2201 conjunctio,
1074 2115 1203 2201 saepius
1231 2137 1314 2199 quae

204 2212 298 2295 redit,
321 2215 557 2278 constructione
579 2213 708 2300 quidem
732 2213 1017 2299 additamentoque
1031 2214 1177 2296 variatis,
1198 2213 1313 2279 discin-

204 2312 299 2376 datur
320 2335 379 2376 nec
402 2311 521 2377 similes
536 2312 789 2377 constructiones
806 2320 1023 2391 cometamur,
1046 2333 1127 2396 eam,
1150 2335 1214 2400 qua
1231 2335 1312 2400 opus

203 2420 261 2493 est,
284 2412 548 2498 perspicuitatem
565 2411 698 2498 paulum
713 2410 944 2476 desideramus.
975 2411 1102 2476 sivero
1117 2413 1311 2499 quaerimus,

202 2508 258 2573 ubi
278 2519 310 2574 et
331 2510 489 2596 quomodo
513 2510 717 2575 substantiva
737 2509 923 2598 adjectivis,
953 2509 1214 2597 pronominibus
1235 2514 1311 2577 arti-

201 2607 274 2674 culo
289 2608 491 2692 definiantur,
513 2609 594 2674 haec
610 2608 740 2696 quidem
755 2610 900 2696 quaestio
918 2611 1054 2696 majoris
1076 2608 1230 2696 ponderis
1253 2621 1311 2705 est,

204 2707 261 2772 sed
283 2706 363 2790 loci,
393 2709 509 2793 quibus
541 2707 745 2773 substantiva
767 2709 837 2772 sine
856 2707 921 2774 ullo
951 2707 1170 2773 additamento
1200 2709 1310 2774 verbis

202 2807 437 2894 adjunguntur,
467 2829 607 2872 revera
633 2817 701 2871 tarn
722 2816 797 2871 sunt
816 2808 898 2890 rari,
926 2817 961 2872 ut
987 2806 1140 2872 facillime
1167 2811 1311 2895 perspici

200 2907 326 2992 possint
348 2916 381 2970 et
403 2907 541 2971 conferri
551 2907 585 2986 ⁷).
630 2904 835 2970 Schwaraius
857 2917 974 2990 autem,
996 2916 1031 2972 ut
1053 2906 1115 2971 sibi
1137 2915 1309 2992 constaret,

199 3007 233 3070 in
254 3004 433 3070 tractandis
454 3004 752 3070 homoeosemorum
783 3006 1062 3093 conjunctionibus
1084 3004 1213 3088 eadem,
1245 3029 1309 3094 qua

200 3105 300 3191 prius,
322 3106 447 3170 ratione
468 3106 515 3169 uti
538 3103 686 3170 debebat.
721 3104 899 3185 Quaerenti
914 3107 1014 3192 igitur
1038 3103 1128 3184 mihi,
1147 3105 1308 3190 quomodo

199 3205 367 3291 aptissime
387 3225 456 3267 rem
479 3203 693 3289 disponerem,
713 3203 793 3268 haec
812 3215 1038 3271 occurrerunt:
1060 3204 1200 3292 Objecti,
1222 3205 1309 3291 quod
1379 3275 1385 3286 ‚

199 3302 326 3385 dicitur,
344 3302 508 3367 interioris
529 3303 617 3368 notio
638 3304 685 3368 ita
707 3303 1007 3390 comprehenditur,
1028 3307 1074 3369 ut‘
1085 3304 1233 3371 omnibus
1254 3307 1309 3370 tri-

265 3554 290 3620 6)
313 3552 446 3606 Attamen
459 3549 629 3606 Schwarzius
648 3549 746 3604 ceteris
763 3549 861 3604 melius
877 3566 935 3604 rem
951 3551 1099 3623 perspexit.
1129 3553 1174 3607 De
1185 3553 1308 3608 Kolsteri

197 3635 330 3689 divisione
347 3635 438 3689 verbis
456 3651 513 3688 non
531 3651 601 3704 opus
620 3637 670 3702 est,
689 3649 771 3704 quam
789 3633 855 3688 satis
868 3633 999 3690 refutavit
1012 3633 1191 3694 Schwaraius.
1216 3637 1306 3693 Wun-

198 3719 281 3772 derus
298 3719 410 3774 nonnisi
426 3717 570 3790 parvulam
586 3721 644 3772 mat
632 3717 720 3772 terias
736 3723 844 3788 partem
861 3719 993 3776 exhausit

264 3805 290 3871 t)
314 3801 399 3874 Apud
408 3802 572 3873 Sophoclem
586 3807 642 3856 tres
655 3801 709 3856 loci
722 3806 839 3872 exstant,
858 3803 958 3875 quibus
971 3805 1059 3860 solum
1069 3807 1207 3878 objectum
1221 3805 1305 3860 verbo

127 3957 132 3965 .
196 3885 354 3986 apponitur.
392 3885 538 3958 Euripides
563 3886 646 3941 hasce
672 3887 892 3942 constructiones
915 3888 1039 3944 exhibet:
1072 3888 1152 3961 ὕβριν
1175 3889 1304 4014 ὑβρίζειν,

190 3969 261 4038 χοὰς
273 3975 400 4039 xristus
416 3972 515 4042 λόγους
533 3973 631 4042 λέγειν,
653 3972 837 4036 incestuale.
936 3995 941 4006 ·
